<?xml version="1.0" encoding="UTF-8"?>
<!DOCTYPE html PUBLIC "-//W3C//DTD XHTML 1.0 Transitional//EN"
    "http://www.w3.org/TR/xhtml1/DTD/xhtml1-transitional.dtd">
<html xmlns="http://www.w3.org/1999/xhtml" xml:lang="en" lang="en">
 <head>
  <title>
</title>
<meta http-equiv="Content-Type" content="text/html;charset=utf-8" />
  <meta name='ocr-system' content='tesseract 3.04.00' />
  <meta name='ocr-capabilities' content='ocr_page ocr_carea ocr_par ocr_line ocrx_word'/>
</head>
<body>
  <div class='ocr_page' id='page_1' title='image "./oeuvrescompltes01tacigoog_0497.png"; bbox 0 0 2492 4080; ppageno 0'>
   <div class='ocr_carea' id='block_1_1' title="bbox 226 243 771 321">
    <p class='ocr_par' dir='ltr' id='par_1_1' title="bbox 226 243 771 321">
     <span class='ocr_line' id='line_1_1' title="bbox 226 243 771 321; baseline 0.004 -21"><span class='ocrx_word' id='word_1_1' title='bbox 226 243 278 321; x_wconf 77' lang='lat' dir='ltr'>oss</span> <span class='ocrx_word' id='word_1_2' title='bbox 431 279 433 282; x_wconf 86' lang='lat'>-</span> <span class='ocrx_word' id='word_1_3' title='bbox 624 245 771 302; x_wconf 79' lang='lat' dir='ltr'>recino.</span> 
     </span>
    </p>
   </div>
   <div class='ocr_carea' id='block_1_2' title="bbox 146 359 1230 2428">
    <p class='ocr_par' dir='ltr' id='par_1_2' title="bbox 146 359 1230 2428">
     <span class='ocr_line' id='line_1_2' title="bbox 227 359 1168 440; baseline -0.004 -20"><span class='ocrx_word' id='word_1_4' title='bbox 227 377 295 420; x_wconf 82' lang='lat' dir='ltr'>cene</span> <span class='ocrx_word' id='word_1_5' title='bbox 308 361 387 434; x_wconf 92' lang='lat' dir='ltr'>point</span> <span class='ocrx_word' id='word_1_6' title='bbox 401 377 450 419; x_wconf 90' lang='lat' dir='ltr'>sur</span> <span class='ocrx_word' id='word_1_7' title='bbox 464 361 506 419; x_wconf 89' lang='lat' dir='ltr'>les</span> <span class='ocrx_word' id='word_1_8' title='bbox 524 365 596 418; x_wconf 84' lang='lat' dir='ltr'>mots</span> <span class='ocrx_word' id='word_1_9' title='bbox 612 378 619 418; x_wconf 91' lang='lat'><strong>:</strong></span> <span class='ocrx_word' id='word_1_10' title='bbox 635 363 721 435; x_wconf 89' lang='lat' dir='ltr'>qu&#39;on</span> <span class='ocrx_word' id='word_1_11' title='bbox 734 363 776 419; x_wconf 88' lang='lat' dir='ltr'>les</span> <span class='ocrx_word' id='word_1_12' title='bbox 794 360 904 435; x_wconf 81' lang='lat' dir='ltr'>appelle</span> <span class='ocrx_word' id='word_1_13' title='bbox 917 361 966 419; x_wconf 89' lang='lat' dir='ltr'>des</span> <span class='ocrx_word' id='word_1_14' title='bbox 979 361 1107 440; x_wconf 83' lang='lat' dir='ltr'>enciens,</span> <span class='ocrx_word' id='word_1_15' title='bbox 1121 359 1168 416; x_wconf 88' lang='lat' dir='ltr'>des</span> 
     </span>
     <span class='ocr_line' id='line_1_3' title="bbox 227 443 1168 518; baseline 0 -18"><span class='ocrx_word' id='word_1_16' title='bbox 227 443 364 516; x_wconf 75' lang='lat' dir='ltr'>ancbtres,</span> <span class='ocrx_word' id='word_1_17' title='bbox 374 461 410 501; x_wconf 90' lang='lat' dir='ltr'>ou</span> <span class='ocrx_word' id='word_1_18' title='bbox 419 443 501 518; x_wconf 88' lang='lat' dir='ltr'>qu&#39;on</span> <span class='ocrx_word' id='word_1_19' title='bbox 512 443 574 500; x_wconf 88' lang='lat' dir='ltr'>leur</span> <span class='ocrx_word' id='word_1_20' title='bbox 586 445 677 502; x_wconf 89' lang='lat' dir='ltr'>donne</span> <span class='ocrx_word' id='word_1_21' title='bbox 692 443 732 501; x_wconf 90' lang='lat' dir='ltr'>tel</span> <span class='ocrx_word' id='word_1_22' title='bbox 746 447 825 501; x_wconf 88' lang='lat' dir='ltr'>autre</span> <span class='ocrx_word' id='word_1_23' title='bbox 836 459 903 502; x_wconf 90' lang='lat' dir='ltr'>nom</span> <span class='ocrx_word' id='word_1_24' title='bbox 912 445 997 518; x_wconf 83' lang='lat' dir='ltr'>qu&#39;on</span> <span class='ocrx_word' id='word_1_25' title='bbox 1008 443 1128 513; x_wconf 84' lang='lat' dir='ltr'>voudro,</span> <span class='ocrx_word' id='word_1_26' title='bbox 1141 444 1168 516; x_wconf 81' lang='lat' dir='ltr'>je</span> 
     </span>
     <span class='ocr_line' id='line_1_4' title="bbox 228 525 1168 604; baseline 0.002 -22"><span class='ocrx_word' id='word_1_27' title='bbox 228 529 350 584; x_wconf 88' lang='lat' dir='ltr'>soutiens</span> <span class='ocrx_word' id='word_1_28' title='bbox 363 527 518 604; x_wconf 81' lang='lat' dir='ltr'>seulement</span> <span class='ocrx_word' id='word_1_29' title='bbox 527 531 554 584; x_wconf 91' lang='lat' dir='ltr'>et</span> <span class='ocrx_word' id='word_1_30' title='bbox 562 544 635 584; x_wconf 88' lang='lat' dir='ltr'>veux</span> <span class='ocrx_word' id='word_1_31' title='bbox 650 527 922 601; x_wconf 84' lang='lat' dir='ltr'>qu’on&#39;reconnaisse</span> <span class='ocrx_word' id='word_1_32' title='bbox 933 543 987 602; x_wconf 91' lang='lat' dir='ltr'>que</span> <span class='ocrx_word' id='word_1_33' title='bbox 998 525 1168 600; x_wconf 82' lang='lat' dir='ltr'>l&#39;eloquenco</span> 
     </span>
     <span class='ocr_line' id='line_1_5' title="bbox 227 607 1169 684; baseline 0.002 -20"><span class='ocrx_word' id='word_1_34' title='bbox 227 609 261 664; x_wconf 91' lang='lat' dir='ltr'>de</span> <span class='ocrx_word' id='word_1_35' title='bbox 271 609 334 666; x_wconf 91' lang='lat' dir='ltr'>leur</span> <span class='ocrx_word' id='word_1_36' title='bbox 347 613 438 682; x_wconf 81' lang='lat' dir='ltr'>temps</span> <span class='ocrx_word' id='word_1_37' title='bbox 449 607 515 666; x_wconf 76' lang='lat' dir='ltr'>etnit</span> <span class='ocrx_word' id='word_1_38' title='bbox 528 610 687 684; x_wconf 75' lang='lat' dir='ltr'>suptrieure</span> <span class='ocrx_word' id='word_1_39' title='bbox 696 609 713 666; x_wconf 73' lang='lat' dir='ltr'>i</span> <span class='ocrx_word' id='word_1_40' title='bbox 721 610 790 667; x_wconf 87' lang='lat' dir='ltr'>celle</span> <span class='ocrx_word' id='word_1_41' title='bbox 802 610 841 666; x_wconf 93' lang='lat' dir='ltr'>du</span> <span class='ocrx_word' id='word_1_42' title='bbox 852 609 942 666; x_wconf 78' lang='lat' dir='ltr'>notro.</span> <span class='ocrx_word' id='word_1_43' title='bbox 956 609 1090 666; x_wconf 84' lang='lat' dir='ltr'>l&#39;odmets</span> <span class='ocrx_word' id='word_1_44' title='bbox 1105 625 1169 666; x_wconf 74' lang='lat' dir='ltr'>erec</span> 
     </span>
     <span class='ocr_line' id='line_1_6' title="bbox 228 685 1230 770; baseline -0.001 -21"><span class='ocrx_word' id='word_1_45' title='bbox 228 694 302 766; x_wconf 85' lang='lat' dir='ltr'>Aper</span> <span class='ocrx_word' id='word_1_46' title='bbox 317 709 372 765; x_wconf 90' lang='lat' dir='ltr'>que</span> <span class='ocrx_word' id='word_1_47' title='bbox 383 692 580 770; x_wconf 78' lang='lat' dir='ltr'>l&#39;dloquencee</span> <span class='ocrx_word' id='word_1_48' title='bbox 589 697 716 764; x_wconf 86' lang='lat' dir='ltr'>souvent,</span> <span class='ocrx_word' id='word_1_49' title='bbox 733 694 803 751; x_wconf 82' lang='lat' dir='ltr'>dens</span> <span class='ocrx_word' id='word_1_50' title='bbox 816 694 843 750; x_wconf 89' lang='lat' dir='ltr'>le</span> <span class='ocrx_word' id='word_1_51' title='bbox 856 693 950 750; x_wconf 75' lang='lat' dir='ltr'>meme</span> <span class='ocrx_word' id='word_1_52' title='bbox 965 692 1059 762; x_wconf 75' lang='lat' dir='ltr'>siecle,</span> <span class='ocrx_word' id='word_1_53' title='bbox 1073 692 1168 750; x_wconf 76' lang='lat' dir='ltr'>revitn</span> <span class='ocrx_word' id='word_1_54' title='bbox 1226 685 1230 720; x_wconf 59' lang='lat'>⁴¹</span> 
     </span>
     <span class='ocr_line' id='line_1_7' title="bbox 227 772 1170 850; baseline 0.004 -22"><span class='ocrx_word' id='word_1_55' title='bbox 227 772 365 846; x_wconf 87' lang='lat' dir='ltr'>plusieurs</span> <span class='ocrx_word' id='word_1_56' title='bbox 386 775 501 845; x_wconf 86' lang='lat' dir='ltr'>formes,</span> <span class='ocrx_word' id='word_1_57' title='bbox 515 778 542 831; x_wconf 95' lang='lat' dir='ltr'>et</span> <span class='ocrx_word' id='word_1_58' title='bbox 561 774 578 832; x_wconf 76' lang='lat' dir='ltr'>i</span> <span class='ocrx_word' id='word_1_59' title='bbox 598 776 661 850; x_wconf 90' lang='lat' dir='ltr'>plus</span> <span class='ocrx_word' id='word_1_60' title='bbox 680 775 751 833; x_wconf 82' lang='lat' dir='ltr'>forte</span> <span class='ocrx_word' id='word_1_61' title='bbox 771 776 866 833; x_wconf 88' lang='lat' dir='ltr'>raison</span> <span class='ocrx_word' id='word_1_62' title='bbox 887 775 996 832; x_wconf 84' lang='lat' dir='ltr'>o-t-elle</span> <span class='ocrx_word' id='word_1_63' title='bbox 1017 775 1058 831; x_wconf 85' lang='lat' dir='ltr'>du</span> <span class='ocrx_word' id='word_1_64' title='bbox 1079 776 1170 832; x_wconf 76' lang='lat' dir='ltr'>varim</span> 
     </span>
     <span class='ocr_line' id='line_1_8' title="bbox 228 855 1170 934; baseline 0.004 -22"><span class='ocrx_word' id='word_1_65' title='bbox 228 855 338 914; x_wconf 81' lang='lat' dir='ltr'>suivant</span> <span class='ocrx_word' id='word_1_66' title='bbox 350 858 390 915; x_wconf 90' lang='lat' dir='ltr'>les</span> <span class='ocrx_word' id='word_1_67' title='bbox 398 857 507 930; x_wconf 75' lang='lat' dir='ltr'>siecles3</span> <span class='ocrx_word' id='word_1_68' title='bbox 518 859 590 916; x_wconf 86' lang='lat' dir='ltr'>mais</span> <span class='ocrx_word' id='word_1_69' title='bbox 602 859 636 934; x_wconf 85' lang='lat' dir='ltr'>de</span> <span class='ocrx_word' id='word_1_70' title='bbox 646 859 739 916; x_wconf 75' lang='lat' dir='ltr'>meme</span> <span class='ocrx_word' id='word_1_71' title='bbox 749 875 814 933; x_wconf 88' lang='lat' dir='ltr'>que,</span> <span class='ocrx_word' id='word_1_72' title='bbox 824 859 890 916; x_wconf 85' lang='lat' dir='ltr'>cher</span> <span class='ocrx_word' id='word_1_73' title='bbox 903 858 944 915; x_wconf 87' lang='lat' dir='ltr'>les</span> <span class='ocrx_word' id='word_1_74' title='bbox 955 860 1084 915; x_wconf 84' lang='lat' dir='ltr'>oreteurs</span> <span class='ocrx_word' id='word_1_75' title='bbox 1099 859 1170 916; x_wconf 84' lang='lat' dir='ltr'>nnti-</span> 
     </span>
     <span class='ocr_line' id='line_1_9' title="bbox 227 935 1171 1018; baseline 0.004 -23"><span class='ocrx_word' id='word_1_76' title='bbox 227 954 306 1011; x_wconf 90' lang='lat' dir='ltr'>qnes,</span> <span class='ocrx_word' id='word_1_77' title='bbox 316 956 353 997; x_wconf 92' lang='lat' dir='ltr'>on</span> <span class='ocrx_word' id='word_1_78' title='bbox 362 940 455 998; x_wconf 90' lang='lat' dir='ltr'>donne</span> <span class='ocrx_word' id='word_1_79' title='bbox 467 939 496 1018; x_wconf 80' lang='lat' dir='ltr'>ln</span> <span class='ocrx_word' id='word_1_80' title='bbox 504 940 642 1014; x_wconf 74' lang='lat' dir='ltr'>premiere</span> <span class='ocrx_word' id='word_1_81' title='bbox 654 939 733 1016; x_wconf 84' lang='lat' dir='ltr'>place</span> <span class='ocrx_word' id='word_1_82' title='bbox 747 940 764 998; x_wconf 78' lang='lat' dir='ltr'>l</span> <span class='ocrx_word' id='word_1_83' title='bbox 777 939 972 1011; x_wconf 75' lang='lat' dir='ltr'>Demosthene,</span> <span class='ocrx_word' id='word_1_84' title='bbox 978 935 1011 997; x_wconf 65' lang='lat' dir='ltr'>‘lc</span> <span class='ocrx_word' id='word_1_85' title='bbox 1024 940 1171 999; x_wconf 86' lang='lat' dir='ltr'>scoonde&#39;a</span> 
     </span>
     <span class='ocr_line' id='line_1_10' title="bbox 229 1021 1230 1102; baseline 0.003 -23"><span class='ocrx_word' id='word_1_86' title='bbox 229 1021 382 1102; x_wconf 71' lang='lat' dir='ltr'>lischine,b</span> <span class='ocrx_word' id='word_1_87' title='bbox 394 1023 542 1096; x_wconf 74' lang='lat' dir='ltr'>Hyperide,</span> <span class='ocrx_word' id='word_1_88' title='bbox 552 1023 569 1081; x_wconf 75' lang='lat' dir='ltr'>t</span> <span class='ocrx_word' id='word_1_89' title='bbox 579 1025 684 1098; x_wconf 73' lang='lat' dir='ltr'>Lysias,</span> <span class='ocrx_word' id='word_1_90' title='bbox 694 1023 711 1080; x_wconf 79' lang='lat' dir='ltr'>l</span> <span class='ocrx_word' id='word_1_91' title='bbox 721 1027 877 1099; x_wconf 76' lang='lat' dir='ltr'>Lycurgus,</span> <span class='ocrx_word' id='word_1_92' title='bbox 887 1027 915 1080; x_wconf 89' lang='lat' dir='ltr'>et</span> <span class='ocrx_word' id='word_1_93' title='bbox 927 1039 981 1097; x_wconf 91' lang='lat' dir='ltr'>que</span> <span class='ocrx_word' id='word_1_94' title='bbox 993 1021 1028 1080; x_wconf 90' lang='lat' dir='ltr'>de</span> <span class='ocrx_word' id='word_1_95' title='bbox 1042 1022 1126 1080; x_wconf 84' lang='lat' dir='ltr'>l&#39;evis</span> <span class='ocrx_word' id='word_1_96' title='bbox 1140 1025 1172 1082; x_wconf 88' lang='lat' dir='ltr'>dc</span> <span class='ocrx_word' id='word_1_97' title='bbox 1229 1051 1230 1054; x_wconf 37' lang='lat'>¹</span> 
     </span>
     <span class='ocr_line' id='line_1_11' title="bbox 227 1105 1171 1180; baseline 0.002 -18"><span class='ocrx_word' id='word_1_98' title='bbox 227 1108 289 1162; x_wconf 90' lang='lat' dir='ltr'>tous</span> <span class='ocrx_word' id='word_1_99' title='bbox 292 1146 302 1175; x_wconf 93' lang='lat'>,</span> <span class='ocrx_word' id='word_1_100' title='bbox 317 1107 388 1162; x_wconf 87' lang='lat' dir='ltr'>cette</span> <span class='ocrx_word' id='word_1_101' title='bbox 401 1105 564 1178; x_wconf 76' lang='lat' dir='ltr'>generation</span> <span class='ocrx_word' id='word_1_102' title='bbox 578 1106 733 1164; x_wconf 85' lang='lat' dir='ltr'>d’oreteurs</span> <span class='ocrx_word' id='word_1_103' title='bbox 746 1111 789 1164; x_wconf 85' lang='lat' dir='ltr'>est</span> <span class='ocrx_word' id='word_1_104' title='bbox 800 1107 830 1164; x_wconf 85' lang='lat' dir='ltr'>lo</span> <span class='ocrx_word' id='word_1_105' title='bbox 843 1107 907 1180; x_wconf 91' lang='lat' dir='ltr'>plus</span> <span class='ocrx_word' id='word_1_106' title='bbox 921 1105 1066 1176; x_wconf 72' lang='lat' dir='ltr'>admitte,</span> <span class='ocrx_word' id='word_1_107' title='bbox 1081 1108 1156 1164; x_wconf 81' lang='lat' dir='ltr'>ainsi</span> <span class='ocrx_word' id='word_1_108' title='bbox 1163 1147 1171 1177; x_wconf 95' lang='lat'>,</span> 
     </span>
     <span class='ocr_line' id='line_1_12' title="bbox 228 1187 1172 1264; baseline 0.002 -18"><span class='ocrx_word' id='word_1_109' title='bbox 228 1187 294 1246; x_wconf 87' lang='lat' dir='ltr'>obez</span> <span class='ocrx_word' id='word_1_110' title='bbox 312 1203 394 1259; x_wconf 89' lang='lat' dir='ltr'>nous,</span> <span class='ocrx_word' id='word_1_111' title='bbox 411 1187 527 1246; x_wconf 74' lang='lat' dir='ltr'>ciceron</span> <span class='ocrx_word' id='word_1_112' title='bbox 543 1194 585 1247; x_wconf 86' lang='lat' dir='ltr'>est</span> <span class='ocrx_word' id='word_1_113' title='bbox 604 1189 776 1264; x_wconf 75' lang='lat' dir='ltr'>superieurd</span> <span class='ocrx_word' id='word_1_114' title='bbox 790 1193 853 1246; x_wconf 89' lang='lat' dir='ltr'>tous</span> <span class='ocrx_word' id='word_1_115' title='bbox 872 1189 912 1248; x_wconf 88' lang='lat' dir='ltr'>les</span> <span class='ocrx_word' id='word_1_116' title='bbox 929 1193 1023 1247; x_wconf 82' lang='lat' dir='ltr'>autres</span> <span class='ocrx_word' id='word_1_117' title='bbox 1041 1191 1172 1248; x_wconf 81' lang='lat' dir='ltr'>orateurs</span> 
     </span>
     <span class='ocr_line' id='line_1_13' title="bbox 229 1270 1171 1348; baseline 0.006 -22"><span class='ocrx_word' id='word_1_118' title='bbox 229 1270 263 1326; x_wconf 90' lang='lat' dir='ltr'>de</span> <span class='ocrx_word' id='word_1_119' title='bbox 275 1285 325 1326; x_wconf 91' lang='lat' dir='ltr'>son</span> <span class='ocrx_word' id='word_1_120' title='bbox 339 1273 430 1344; x_wconf 89' lang='lat' dir='ltr'>temps</span> <span class='ocrx_word' id='word_1_121' title='bbox 434 1289 444 1343; x_wconf 92' lang='lat'>;</span> <span class='ocrx_word' id='word_1_122' title='bbox 460 1271 661 1348; x_wconf 82' lang='lat' dir='ltr'>etcependent</span> <span class='ocrx_word' id='word_1_123' title='bbox 678 1272 789 1343; x_wconf 76' lang='lat' dir='ltr'>Calvus,</span> <span class='ocrx_word' id='word_1_124' title='bbox 809 1273 934 1343; x_wconf 82' lang='lat' dir='ltr'>Asinius,</span> <span class='ocrx_word' id='word_1_125' title='bbox 954 1271 1049 1344; x_wconf 79' lang='lat' dir='ltr'>Gdser,</span> <span class='ocrx_word' id='word_1_126' title='bbox 1067 1273 1171 1347; x_wconf 76' lang='lat' dir='ltr'>Cellius,</span> 
     </span>
     <span class='ocr_line' id='line_1_14' title="bbox 228 1355 1174 1434; baseline 0.004 -24"><span class='ocrx_word' id='word_1_127' title='bbox 228 1355 339 1434; x_wconf 81' lang='lat' dir='ltr'>Brutus,</span> <span class='ocrx_word' id='word_1_128' title='bbox 353 1359 416 1412; x_wconf 89' lang='lat' dir='ltr'>sont</span> <span class='ocrx_word' id='word_1_129' title='bbox 429 1355 446 1412; x_wconf 77' lang='lat' dir='ltr'>b</span> <span class='ocrx_word' id='word_1_130' title='bbox 458 1356 514 1414; x_wconf 90' lang='lat' dir='ltr'>bon</span> <span class='ocrx_word' id='word_1_131' title='bbox 535 1356 607 1414; x_wconf 92' lang='lat' dir='ltr'>droit</span> <span class='ocrx_word' id='word_1_132' title='bbox 628 1357 682 1413; x_wconf 91' lang='lat' dir='ltr'>mis</span> <span class='ocrx_word' id='word_1_133' title='bbox 704 1356 853 1414; x_wconf 82' lang='lat' dir='ltr'>uu-dessus</span> <span class='ocrx_word' id='word_1_134' title='bbox 869 1356 903 1414; x_wconf 92' lang='lat' dir='ltr'>de</span> <span class='ocrx_word' id='word_1_135' title='bbox 919 1357 997 1414; x_wconf 91' lang='lat' dir='ltr'>leurs</span> <span class='ocrx_word' id='word_1_136' title='bbox 1008 1356 1174 1414; x_wconf 85' lang='lat' dir='ltr'>devanciers</span> 
     </span>
     <span class='ocr_line' id='line_1_15' title="bbox 146 1436 1173 1513; baseline 0.002 -17"><span class='ocrx_word' id='word_1_137' title='bbox 146 1492 148 1496; x_wconf 81' lang='grc'>,</span> <span class='ocrx_word' id='word_1_138' title='bbox 228 1440 256 1493; x_wconf 88' lang='lat' dir='ltr'>et</span> <span class='ocrx_word' id='word_1_139' title='bbox 270 1436 303 1494; x_wconf 91' lang='lat' dir='ltr'>de</span> <span class='ocrx_word' id='word_1_140' title='bbox 318 1439 394 1494; x_wconf 89' lang='lat' dir='ltr'>leurs</span> <span class='ocrx_word' id='word_1_141' title='bbox 406 1454 579 1496; x_wconf 89' lang='lat' dir='ltr'>successeurs</span> <span class='ocrx_word' id='word_1_142' title='bbox 591 1457 599 1498; x_wconf 73' lang='grc' dir='ltr'><strong><em>ε</em></strong></span> <span class='ocrx_word' id='word_1_143' title='bbox 612 1455 668 1513; x_wconf 88' lang='lat' dir='ltr'>peu</span> <span class='ocrx_word' id='word_1_144' title='bbox 680 1440 801 1512; x_wconf 87' lang='lat' dir='ltr'>importe</span> <span class='ocrx_word' id='word_1_145' title='bbox 813 1439 883 1512; x_wconf 82' lang='lat' dir='ltr'>qu&#39;il</span> <span class='ocrx_word' id='word_1_146' title='bbox 896 1457 913 1512; x_wconf 78' lang='lat' dir='ltr'>y</span> <span class='ocrx_word' id='word_1_147' title='bbox 927 1440 968 1496; x_wconf 80' lang='lat' dir='ltr'>eit</span> <span class='ocrx_word' id='word_1_148' title='bbox 982 1439 1107 1512; x_wconf 84' lang='lat' dir='ltr'>quelque</span> <span class='ocrx_word' id='word_1_149' title='bbox 1123 1441 1173 1498; x_wconf 91' lang='lat' dir='ltr'>dit·</span> 
     </span>
     <span class='ocr_line' id='line_1_16' title="bbox 230 1519 1174 1597; baseline 0.006 -22"><span class='ocrx_word' id='word_1_150' title='bbox 230 1519 339 1578; x_wconf 75' lang='lat' dir='ltr'>terente</span> <span class='ocrx_word' id='word_1_151' title='bbox 356 1519 427 1578; x_wconf 83' lang='lat' dir='ltr'>dens</span> <span class='ocrx_word' id='word_1_152' title='bbox 443 1521 570 1596; x_wconf 74' lang='lat' dir='ltr'>l&#39;espece,</span> <span class='ocrx_word' id='word_1_153' title='bbox 590 1539 698 1597; x_wconf 80' lang='lat' dir='ltr'>pourvu</span> <span class='ocrx_word' id='word_1_154' title='bbox 719 1523 802 1596; x_wconf 88' lang='lat' dir='ltr'>qu’ils</span> <span class='ocrx_word' id='word_1_155' title='bbox 823 1537 853 1579; x_wconf 91' lang='lat' dir='ltr'>se</span> <span class='ocrx_word' id='word_1_156' title='bbox 872 1522 1056 1580; x_wconf 89' lang='lat' dir='ltr'>ressemblent</span> <span class='ocrx_word' id='word_1_157' title='bbox 1075 1539 1132 1596; x_wconf 86' lang='lat' dir='ltr'>par</span> <span class='ocrx_word' id='word_1_158' title='bbox 1148 1523 1174 1581; x_wconf 89' lang='lat' dir='ltr'>le</span> 
     </span>
     <span class='ocr_line' id='line_1_17' title="bbox 229 1603 1175 1679; baseline 0.005 -20"><span class='ocrx_word' id='word_1_159' title='bbox 229 1617 325 1676; x_wconf 84' lang='lat' dir='ltr'>genre.</span> <span class='ocrx_word' id='word_1_160' title='bbox 341 1603 442 1662; x_wconf 81' lang='lat' dir='ltr'>calvus</span> <span class='ocrx_word' id='word_1_161' title='bbox 463 1609 505 1662; x_wconf 89' lang='lat' dir='ltr'>est</span> <span class='ocrx_word' id='word_1_162' title='bbox 523 1606 587 1678; x_wconf 91' lang='lat' dir='ltr'>plus</span> <span class='ocrx_word' id='word_1_163' title='bbox 607 1607 711 1676; x_wconf 91' lang='lat' dir='ltr'>concis,</span> <span class='ocrx_word' id='word_1_164' title='bbox 726 1607 838 1662; x_wconf 85' lang='lat' dir='ltr'>Asinius</span> <span class='ocrx_word' id='word_1_165' title='bbox 855 1604 920 1679; x_wconf 89' lang='lat' dir='ltr'>plns</span> <span class='ocrx_word' id='word_1_166' title='bbox 937 1604 1071 1676; x_wconf 77' lang='lat' dir='ltr'>codencsl,</span> <span class='ocrx_word' id='word_1_167' title='bbox 1088 1605 1175 1664; x_wconf 76' lang='lat' dir='ltr'>Ceissr</span> 
     </span>
     <span class='ocr_line' id='line_1_18' title="bbox 229 1687 1173 1762; baseline 0.006 -21"><span class='ocrx_word' id='word_1_168' title='bbox 229 1687 291 1760; x_wconf 91' lang='lat' dir='ltr'>plus</span> <span class='ocrx_word' id='word_1_169' title='bbox 305 1687 435 1760; x_wconf 73' lang='lat' dir='ltr'>deistunt,</span> <span class='ocrx_word' id='word_1_170' title='bbox 450 1687 542 1748; x_wconf 75' lang='lat' dir='ltr'>(lelius</span> <span class='ocrx_word' id='word_1_171' title='bbox 554 1689 619 1762; x_wconf 92' lang='lat' dir='ltr'>plus</span> <span class='ocrx_word' id='word_1_172' title='bbox 632 1688 735 1760; x_wconf 75' lang='lat' dir='ltr'>incisis,</span> <span class='ocrx_word' id='word_1_173' title='bbox 748 1691 851 1745; x_wconf 88' lang='lat' dir='ltr'>Brutus</span> <span class='ocrx_word' id='word_1_174' title='bbox 866 1689 929 1762; x_wconf 91' lang='lat' dir='ltr'>plus</span> <span class='ocrx_word' id='word_1_175' title='bbox 944 1703 1040 1762; x_wconf 82' lang='lat' dir='ltr'>greve,</span> <span class='ocrx_word' id='word_1_176' title='bbox 1056 1689 1173 1747; x_wconf 74' lang='lat' dir='ltr'>Ciceros</span> 
     </span>
     <span class='ocr_line' id='line_1_19' title="bbox 228 1762 1174 1845; baseline 0.007 -22"><span class='ocrx_word' id='word_1_177' title='bbox 228 1768 292 1842; x_wconf 91' lang='lat' dir='ltr'>plus</span> <span class='ocrx_word' id='word_1_178' title='bbox 303 1767 461 1843; x_wconf 79' lang='lat' dir='ltr'>pessionne,</span> <span class='ocrx_word' id='word_1_179' title='bbox 471 1771 534 1845; x_wconf 87' lang='lat' dir='ltr'>plus</span> <span class='ocrx_word' id='word_1_180' title='bbox 544 1771 696 1842; x_wconf 82' lang='lat' dir='ltr'>abondant‚</span> <span class='ocrx_word' id='word_1_181' title='bbox 708 1762 778 1845; x_wconf 67' lang='lat' dir='ltr'>plus*</span> <span class='ocrx_word' id='word_1_182' title='bbox 786 1787 910 1830; x_wconf 81' lang='lat' dir='ltr'>nerveux</span> <span class='ocrx_word' id='word_1_183' title='bbox 921 1788 928 1827; x_wconf 76' lang='grc' dir='ltr'><strong>ε</strong></span> <span class='ocrx_word' id='word_1_184' title='bbox 939 1774 1002 1828; x_wconf 90' lang='lat' dir='ltr'>tons</span> <span class='ocrx_word' id='word_1_185' title='bbox 1014 1775 1174 1845; x_wconf 82' lang='lat' dir='ltr'>rependent</span> 
     </span>
     <span class='ocr_line' id='line_1_20' title="bbox 228 1853 1174 1928; baseline 0.007 -21"><span class='ocrx_word' id='word_1_186' title='bbox 228 1853 1174 1928; x_wconf 77' lang='lat' dir='ltr'>ontuneeloquenceegnlemcntssine3etencomparantenmeme</span> 
     </span>
     <span class='ocr_line' id='line_1_21' title="bbox 228 1936 1174 2012; baseline 0.008 -22"><span class='ocrx_word' id='word_1_187' title='bbox 228 1938 319 2009; x_wconf 87' lang='lat' dir='ltr'>temps</span> <span class='ocrx_word' id='word_1_188' title='bbox 332 1936 407 1994; x_wconf 89' lang='lat' dir='ltr'>leurs</span> <span class='ocrx_word' id='word_1_189' title='bbox 420 1937 515 2009; x_wconf 75' lang='lat' dir='ltr'>liures,</span> <span class='ocrx_word' id='word_1_190' title='bbox 526 1955 595 1994; x_wconf 83' lang='lat' dir='ltr'>vous</span> <span class='ocrx_word' id='word_1_191' title='bbox 606 1937 796 1996; x_wconf 82' lang='lat' dir='ltr'>reconnuitrez</span> <span class='ocrx_word' id='word_1_192' title='bbox 808 1936 1174 2012; x_wconf 78' lang='lat' dir='ltr'>que,malgrdlndive1site</span> 
     </span>
     <span class='ocr_line' id='line_1_22' title="bbox 227 2016 1173 2095; baseline 0.011 -23"><span class='ocrx_word' id='word_1_193' title='bbox 227 2018 262 2072; x_wconf 88' lang='lat' dir='ltr'>de</span> <span class='ocrx_word' id='word_1_194' title='bbox 275 2016 337 2074; x_wconf 90' lang='lat' dir='ltr'>leur</span> <span class='ocrx_word' id='word_1_195' title='bbox 356 2018 453 2091; x_wconf 90' lang='lat' dir='ltr'>talent,</span> <span class='ocrx_word' id='word_1_196' title='bbox 468 2019 490 2076; x_wconf 93' lang='lat' dir='ltr'>il</span> <span class='ocrx_word' id='word_1_197' title='bbox 504 2035 523 2094; x_wconf 77' lang='lat' dir='ltr'>y</span> <span class='ocrx_word' id='word_1_198' title='bbox 536 2037 553 2077; x_wconf 87' lang='lat' dir='ltr'>a</span> <span class='ocrx_word' id='word_1_199' title='bbox 565 2024 642 2078; x_wconf 91' lang='lat' dir='ltr'>entre</span> <span class='ocrx_word' id='word_1_200' title='bbox 663 2037 718 2078; x_wconf 80' lang='lat' dir='ltr'>oux</span> <span class='ocrx_word' id='word_1_201' title='bbox 735 2037 792 2078; x_wconf 94' lang='lat' dir='ltr'>une</span> <span class='ocrx_word' id='word_1_202' title='bbox 812 2020 935 2078; x_wconf 80' lang='lat' dir='ltr'>certuino</span> <span class='ocrx_word' id='word_1_203' title='bbox 953 2023 1173 2095; x_wconf 85' lang='lat' dir='ltr'>ressemblenoe,</span> 
     </span>
     <span class='ocr_line' id='line_1_23' title="bbox 227 2103 1176 2180; baseline 0.008 -23"><span class='ocrx_word' id='word_1_204' title='bbox 227 2117 284 2158; x_wconf 86' lang='lat' dir='ltr'>une</span> <span class='ocrx_word' id='word_1_205' title='bbox 298 2103 420 2160; x_wconf 81' lang='lat' dir='ltr'>certaine</span> <span class='ocrx_word' id='word_1_206' title='bbox 434 2103 550 2178; x_wconf 78' lang='lat' dir='ltr'>parente</span> <span class='ocrx_word' id='word_1_207' title='bbox 563 2104 632 2161; x_wconf 85' lang='lat' dir='ltr'>dans</span> <span class='ocrx_word' id='word_1_208' title='bbox 647 2103 676 2161; x_wconf 87' lang='lat' dir='ltr'>la</span> <span class='ocrx_word' id='word_1_209' title='bbox 689 2105 792 2180; x_wconf 76' lang='lat' dir='ltr'>penses</span> <span class='ocrx_word' id='word_1_210' title='bbox 809 2107 838 2161; x_wconf 92' lang='lat' dir='ltr'>et</span> <span class='ocrx_word' id='word_1_211' title='bbox 851 2104 880 2160; x_wconf 83' lang='lat' dir='ltr'>lo</span> <span class='ocrx_word' id='word_1_212' title='bbox 894 2103 1035 2176; x_wconf 76' lang='lat' dir='ltr'>monidre3</span> <span class='ocrx_word' id='word_1_213' title='bbox 1052 2122 1104 2164; x_wconf 82' lang='lat' dir='ltr'>cnr</span> <span class='ocrx_word' id='word_1_214' title='bbox 1120 2107 1176 2165; x_wconf 86' lang='lat' dir='ltr'>s&#39;ils</span> 
     </span>
     <span class='ocr_line' id='line_1_24' title="bbox 227 2185 1175 2259; baseline 0.007 -17"><span class='ocrx_word' id='word_1_215' title='bbox 227 2188 277 2242; x_wconf 91' lang='lat' dir='ltr'>ont</span> <span class='ocrx_word' id='word_1_216' title='bbox 295 2185 382 2243; x_wconf 76' lang='lat' dir='ltr'>medii</span> <span class='ocrx_word' id='word_1_217' title='bbox 402 2185 442 2244; x_wconf 91' lang='lat' dir='ltr'>les</span> <span class='ocrx_word' id='word_1_218' title='bbox 460 2204 515 2244; x_wconf 91' lang='lat' dir='ltr'>uns</span> <span class='ocrx_word' id='word_1_219' title='bbox 532 2187 581 2244; x_wconf 92' lang='lat' dir='ltr'>des</span> <span class='ocrx_word' id='word_1_220' title='bbox 600 2193 704 2259; x_wconf 82' lang='lat' dir='ltr'>autres,</span> <span class='ocrx_word' id='word_1_221' title='bbox 727 2190 795 2245; x_wconf 90' lang='lat' dir='ltr'>etsi</span> <span class='ocrx_word' id='word_1_222' title='bbox 812 2187 868 2246; x_wconf 89' lang='lat' dir='ltr'>l’on</span> <span class='ocrx_word' id='word_1_223' title='bbox 888 2192 986 2246; x_wconf 85' lang='lat' dir='ltr'>trouve</span> <span class='ocrx_word' id='word_1_224' title='bbox 1005 2189 1078 2246; x_wconf 83' lang='lat' dir='ltr'>dans</span> <span class='ocrx_word' id='word_1_225' title='bbox 1098 2192 1175 2248; x_wconf 84' lang='lat' dir='ltr'>leurs</span> 
     </span>
     <span class='ocr_line' id='line_1_25' title="bbox 227 2267 1174 2350; baseline 0.01 -27"><span class='ocrx_word' id='word_1_226' title='bbox 227 2267 324 2324; x_wconf 86' lang='lat' dir='ltr'>lettres</span> <span class='ocrx_word' id='word_1_227' title='bbox 332 2269 517 2344; x_wconf 83' lang='lat' dir='ltr'>despessnges</span> <span class='ocrx_word' id='word_1_228' title='bbox 526 2272 574 2344; x_wconf 87' lang='lat' dir='ltr'>qui</span> <span class='ocrx_word' id='word_1_229' title='bbox 583 2269 708 2328; x_wconf 71' lang='lat' dir='ltr'>desolent</span> <span class='ocrx_word' id='word_1_230' title='bbox 717 2288 774 2328; x_wconf 89' lang='lat' dir='ltr'>une</span> <span class='ocrx_word' id='word_1_231' title='bbox 787 2271 982 2336; x_wconf 83' lang='lat' dir='ltr'>malreillanoe</span> <span class='ocrx_word' id='word_1_232' title='bbox 994 2271 1174 2350; x_wconf 77' lang='lat' dir='ltr'>reciproque,</span> 
     </span>
     <span class='ocr_line' id='line_1_26' title="bbox 227 2350 1175 2428; baseline 0.008 -20"><span class='ocrx_word' id='word_1_233' title='bbox 227 2365 259 2408; x_wconf 87' lang='lat' dir='ltr'>ce</span> <span class='ocrx_word' id='word_1_234' title='bbox 272 2356 336 2409; x_wconf 90' lang='lat' dir='ltr'>sont</span> <span class='ocrx_word' id='word_1_235' title='bbox 348 2350 387 2423; x_wconf 80' lang='lat' dir='ltr'>ld,</span> <span class='ocrx_word' id='word_1_236' title='bbox 396 2369 454 2410; x_wconf 92' lang='lat' dir='ltr'>non</span> <span class='ocrx_word' id='word_1_237' title='bbox 467 2369 517 2428; x_wconf 84' lang='lat' dir='ltr'>pes</span> <span class='ocrx_word' id='word_1_238' title='bbox 530 2354 572 2412; x_wconf 85' lang='lat' dir='ltr'>les</span> <span class='ocrx_word' id='word_1_239' title='bbox 584 2353 694 2411; x_wconf 69' lang='lat' dir='ltr'>detauts</span> <span class='ocrx_word' id='word_1_240' title='bbox 708 2355 756 2412; x_wconf 91' lang='lat' dir='ltr'>des</span> <span class='ocrx_word' id='word_1_241' title='bbox 768 2357 906 2425; x_wconf 77' lang='lat' dir='ltr'>orateurs,</span> <span class='ocrx_word' id='word_1_242' title='bbox 920 2354 993 2411; x_wconf 83' lang='lat' dir='ltr'>mais</span> <span class='ocrx_word' id='word_1_243' title='bbox 1010 2353 1054 2412; x_wconf 90' lang='lat' dir='ltr'>les</span> <span class='ocrx_word' id='word_1_244' title='bbox 1063 2357 1175 2416; x_wconf 79' lang='lat' dir='ltr'>detauts</span> 
     </span>
    </p>
   </div>
   <div class='ocr_carea' id='block_1_3' title="bbox 204 2546 1230 3728">
    <p class='ocr_par' dir='ltr' id='par_1_3' title="bbox 204 2546 1230 3728">
     <span class='ocr_line' id='line_1_27' title="bbox 227 2546 1176 2612; baseline 0.006 -14"><span class='ocrx_word' id='word_1_245' title='bbox 227 2553 277 2598; x_wconf 87' lang='lat' dir='ltr'>tem</span> <span class='ocrx_word' id='word_1_246' title='bbox 288 2549 319 2598; x_wconf 90' lang='lat' dir='ltr'>de</span> <span class='ocrx_word' id='word_1_247' title='bbox 331 2547 451 2600; x_wconf 79' lang='lat' dir='ltr'>vocabulo</span> <span class='ocrx_word' id='word_1_248' title='bbox 463 2562 546 2612; x_wconf 80' lang='lat' dir='ltr'>pugno</span> <span class='ocrx_word' id='word_1_249' title='bbox 556 2561 607 2598; x_wconf 89' lang='lat' dir='ltr'>non</span> <span class='ocrx_word' id='word_1_250' title='bbox 618 2551 655 2598; x_wconf 85' lang='lat' dir='ltr'>cst</span> <span class='ocrx_word' id='word_1_251' title='bbox 667 2562 674 2598; x_wconf 73' lang='grc' dir='ltr'><strong><em>ε</em></strong></span> <span class='ocrx_word' id='word_1_252' title='bbox 686 2547 737 2598; x_wconf 81' lang='lat' dir='ltr'>slve</span> <span class='ocrx_word' id='word_1_253' title='bbox 751 2547 806 2598; x_wconf 90' lang='lat' dir='ltr'>illos</span> <span class='ocrx_word' id='word_1_254' title='bbox 818 2547 930 2610; x_wconf 74' lang='lat' dir='ltr'>antiquos</span> <span class='ocrx_word' id='word_1_255' title='bbox 941 2546 991 2596; x_wconf 79' lang='lat' dir='ltr'>slve</span> <span class='ocrx_word' id='word_1_256' title='bbox 1002 2547 1116 2610; x_wconf 77' lang='lat' dir='ltr'>majores</span> <span class='ocrx_word' id='word_1_257' title='bbox 1126 2552 1176 2604; x_wconf 81' lang='lat' dir='ltr'>sive</span> 
     </span>
     <span class='ocr_line' id='line_1_28' title="bbox 227 2609 1177 2684; baseline 0.002 -25"><span class='ocrx_word' id='word_1_258' title='bbox 227 2623 276 2684; x_wconf 78' lang='lat' dir='ltr'>qino</span> <span class='ocrx_word' id='word_1_259' title='bbox 289 2609 338 2659; x_wconf 84' lang='lat' dir='ltr'>ulio</span> <span class='ocrx_word' id='word_1_260' title='bbox 350 2613 444 2660; x_wconf 77' lang='lat' dir='ltr'>mavult</span> <span class='ocrx_word' id='word_1_261' title='bbox 458 2611 559 2659; x_wconf 87' lang='lat' dir='ltr'>nomine</span> <span class='ocrx_word' id='word_1_262' title='bbox 571 2611 686 2674; x_wconf 86' lang='lat' dir='ltr'>appellet,</span> <span class='ocrx_word' id='word_1_263' title='bbox 698 2609 834 2659; x_wconf 87' lang='lat' dir='ltr'>dnmmodo</span> <span class='ocrx_word' id='word_1_264' title='bbox 847 2609 874 2658; x_wconf 90' lang='lat' dir='ltr'>in</span> <span class='ocrx_word' id='word_1_265' title='bbox 888 2609 1000 2682; x_wconf 73' lang='lat' dir='ltr'>confesso</span> <span class='ocrx_word' id='word_1_266' title='bbox 1013 2609 1047 2682; x_wconf 79' lang='lat' dir='ltr'>sit</span> <span class='ocrx_word' id='word_1_267' title='bbox 1062 2613 1177 2666; x_wconf 79' lang='lat' dir='ltr'>eminen-</span> 
     </span>
     <span class='ocr_line' id='line_1_29' title="bbox 226 2671 1178 2738; baseline 0.006 -18"><span class='ocrx_word' id='word_1_268' title='bbox 226 2675 315 2720; x_wconf 77' lang='lat' dir='ltr'>tiorem</span> <span class='ocrx_word' id='word_1_269' title='bbox 332 2671 433 2721; x_wconf 88' lang='lat' dir='ltr'>illorum</span> <span class='ocrx_word' id='word_1_270' title='bbox 447 2675 586 2734; x_wconf 87' lang='lat' dir='ltr'>temporum</span> <span class='ocrx_word' id='word_1_271' title='bbox 604 2672 770 2738; x_wconf 81' lang='lat' dir='ltr'>eloquentium</span> <span class='ocrx_word' id='word_1_272' title='bbox 786 2671 869 2722; x_wconf 87' lang='lat' dir='ltr'>luisse.</span> <span class='ocrx_word' id='word_1_273' title='bbox 883 2672 921 2720; x_wconf 81' lang='lat' dir='ltr'>lle</span> <span class='ocrx_word' id='word_1_274' title='bbox 937 2671 974 2720; x_wconf 83' lang='lat' dir='ltr'>illi</span> <span class='ocrx_word' id='word_1_275' title='bbox 992 2673 1096 2733; x_wconf 83' lang='lat' dir='ltr'>quidem</span> <span class='ocrx_word' id='word_1_276' title='bbox 1112 2679 1178 2737; x_wconf 85' lang='lat' dir='ltr'>perti</span> 
     </span>
     <span class='ocr_line' id='line_1_30' title="bbox 227 2733 1179 2805; baseline 0.007 -24"><span class='ocrx_word' id='word_1_277' title='bbox 227 2733 345 2782; x_wconf 89' lang='lat' dir='ltr'>sermonis</span> <span class='ocrx_word' id='word_1_278' title='bbox 359 2734 414 2794; x_wconf 89' lang='lat' dir='ltr'>ejus</span> <span class='ocrx_word' id='word_1_279' title='bbox 428 2747 551 2798; x_wconf 83' lang='lat' dir='ltr'>repugno,</span> <span class='ocrx_word' id='word_1_280' title='bbox 567 2734 614 2798; x_wconf 88' lang='lat' dir='ltr'>ipsi</span> <span class='ocrx_word' id='word_1_281' title='bbox 627 2734 686 2797; x_wconf 90' lang='lat' dir='ltr'>quin</span> <span class='ocrx_word' id='word_1_282' title='bbox 700 2733 776 2782; x_wconf 88' lang='lat' dir='ltr'>immo</span> <span class='ocrx_word' id='word_1_283' title='bbox 792 2735 907 2805; x_wconf 77' lang='lat' dir='ltr'>letemur,</span> <span class='ocrx_word' id='word_1_284' title='bbox 924 2735 1009 2794; x_wconf 84' lang='lat' dir='ltr'>plures</span> <span class='ocrx_word' id='word_1_285' title='bbox 1025 2735 1122 2786; x_wconf 73' lang='lat' dir='ltr'>formos</span> <span class='ocrx_word' id='word_1_286' title='bbox 1140 2740 1179 2788; x_wconf 90' lang='lat' dir='ltr'>di·</span> 
     </span>
     <span class='ocr_line' id='line_1_31' title="bbox 227 2793 1178 2858; baseline 0.003 -16"><span class='ocrx_word' id='word_1_287' title='bbox 227 2795 299 2843; x_wconf 87' lang='lat' dir='ltr'>cendi</span> <span class='ocrx_word' id='word_1_288' title='bbox 313 2793 387 2844; x_wconf 86' lang='lat' dir='ltr'>etism</span> <span class='ocrx_word' id='word_1_289' title='bbox 402 2794 490 2844; x_wconf 86' lang='lat' dir='ltr'>iisdem</span> <span class='ocrx_word' id='word_1_290' title='bbox 505 2797 612 2858; x_wconf 84' lang='lat' dir='ltr'>saeculis,</span> <span class='ocrx_word' id='word_1_291' title='bbox 625 2797 716 2846; x_wconf 88' lang='lat' dir='ltr'>nedum</span> <span class='ocrx_word' id='word_1_292' title='bbox 733 2795 834 2844; x_wconf 87' lang='lat' dir='ltr'>diversis</span> <span class='ocrx_word' id='word_1_293' title='bbox 847 2795 972 2849; x_wconf 82' lang='lat' dir='ltr'>exstitisse.</span> <span class='ocrx_word' id='word_1_294' title='bbox 988 2795 1033 2844; x_wconf 88' lang='lat' dir='ltr'>sed</span> <span class='ocrx_word' id='word_1_295' title='bbox 1049 2803 1178 2858; x_wconf 82' lang='lat' dir='ltr'>quomodo</span> 
     </span>
     <span class='ocr_line' id='line_1_32' title="bbox 227 2855 1230 2919; baseline 0.004 -15"><span class='ocrx_word' id='word_1_296' title='bbox 227 2856 293 2906; x_wconf 88' lang='lat' dir='ltr'>inter</span> <span class='ocrx_word' id='word_1_297' title='bbox 303 2856 396 2905; x_wconf 89' lang='lat' dir='ltr'>Atticos</span> <span class='ocrx_word' id='word_1_298' title='bbox 410 2860 516 2906; x_wconf 82' lang='lat' dir='ltr'>oratores</span> <span class='ocrx_word' id='word_1_299' title='bbox 529 2857 615 2918; x_wconf 86' lang='lat' dir='ltr'>primae</span> <span class='ocrx_word' id='word_1_300' title='bbox 631 2857 789 2907; x_wconf 88' lang='lat' dir='ltr'>Demostheni</span> <span class='ocrx_word' id='word_1_301' title='bbox 802 2855 955 2918; x_wconf 89' lang='lat' dir='ltr'>tribuuntur,</span> <span class='ocrx_word' id='word_1_302' title='bbox 970 2857 1115 2919; x_wconf 82' lang='lat' dir='ltr'>proximum</span> <span class='ocrx_word' id='word_1_303' title='bbox 1131 2877 1178 2912; x_wconf 87' lang='lat' dir='ltr'>nu·</span> <span class='ocrx_word' id='word_1_304' title='bbox 1229 2899 1230 2908; x_wconf 71' lang='grc'>,</span> 
     </span>
     <span class='ocr_line' id='line_1_33' title="bbox 227 2917 1177 2989; baseline 0.008 -23"><span class='ocrx_word' id='word_1_305' title='bbox 227 2922 276 2967; x_wconf 88' lang='lat' dir='ltr'>tem</span> <span class='ocrx_word' id='word_1_306' title='bbox 295 2919 377 2966; x_wconf 88' lang='lat' dir='ltr'>locum</span> <span class='ocrx_word' id='word_1_307' title='bbox 397 2917 524 2967; x_wconf 83' lang='lat' dir='ltr'>AEsobines</span> <span class='ocrx_word' id='word_1_308' title='bbox 540 2922 564 2967; x_wconf 87' lang='lat' dir='ltr'>et</span> <span class='ocrx_word' id='word_1_309' title='bbox 582 2919 715 2982; x_wconf 68' lang='lat' dir='ltr'>Hyperides</span> <span class='ocrx_word' id='word_1_310' title='bbox 731 2922 756 2969; x_wconf 89' lang='lat' dir='ltr'>et</span> <span class='ocrx_word' id='word_1_311' title='bbox 771 2918 853 2982; x_wconf 72' lang='lat' dir='ltr'>Lysias</span> <span class='ocrx_word' id='word_1_312' title='bbox 866 2921 890 2967; x_wconf 88' lang='lat' dir='ltr'>et</span> <span class='ocrx_word' id='word_1_313' title='bbox 904 2918 1032 2982; x_wconf 73' lang='lat' dir='ltr'>Lycurgus</span> <span class='ocrx_word' id='word_1_314' title='bbox 1047 2921 1177 2989; x_wconf 85' lang='lat' dir='ltr'>obtinent,</span> 
     </span>
     <span class='ocr_line' id='line_1_34' title="bbox 227 2980 1177 3042; baseline 0.009 -14"><span class='ocrx_word' id='word_1_315' title='bbox 227 2980 340 3028; x_wconf 87' lang='lat' dir='ltr'>omniurn</span> <span class='ocrx_word' id='word_1_316' title='bbox 355 2984 437 3028; x_wconf 86' lang='lat' dir='ltr'>nutem</span> <span class='ocrx_word' id='word_1_317' title='bbox 450 2993 569 3030; x_wconf 90' lang='lat' dir='ltr'>consensu</span> <span class='ocrx_word' id='word_1_318' title='bbox 583 2981 636 3030; x_wconf 84' lang='lat' dir='ltr'>baec</span> <span class='ocrx_word' id='word_1_319' title='bbox 650 2986 776 3030; x_wconf 82' lang='lat' dir='ltr'>oratorum</span> <span class='ocrx_word' id='word_1_320' title='bbox 791 2984 849 3030; x_wconf 81' lang='lat' dir='ltr'>ectus</span> <span class='ocrx_word' id='word_1_321' title='bbox 863 2980 970 3029; x_wconf 87' lang='lat' dir='ltr'>moxinre</span> <span class='ocrx_word' id='word_1_322' title='bbox 982 2982 1104 3042; x_wconf 76' lang='lat' dir='ltr'>probatur</span> <span class='ocrx_word' id='word_1_323' title='bbox 1118 3001 1125 3034; x_wconf 74' lang='grc' dir='ltr'><strong>ε</strong></span> <span class='ocrx_word' id='word_1_324' title='bbox 1140 2987 1177 3036; x_wconf 90' lang='lat' dir='ltr'>sic</span> 
     </span>
     <span class='ocr_line' id='line_1_35' title="bbox 204 3031 1230 3104; baseline 0.006 -12"><span class='ocrx_word' id='word_1_325' title='bbox 204 3052 209 3062; x_wconf 88' lang='lat'><em>·</em></span> <span class='ocrx_word' id='word_1_326' title='bbox 226 3043 291 3104; x_wconf 87' lang='lat' dir='ltr'>opud</span> <span class='ocrx_word' id='word_1_327' title='bbox 303 3055 347 3091; x_wconf 91' lang='lat' dir='ltr'>nos</span> <span class='ocrx_word' id='word_1_328' title='bbox 360 3042 447 3092; x_wconf 86' lang='lat' dir='ltr'>Cicero</span> <span class='ocrx_word' id='word_1_329' title='bbox 459 3042 559 3104; x_wconf 89' lang='lat' dir='ltr'>quidem</span> <span class='ocrx_word' id='word_1_330' title='bbox 569 3045 663 3092; x_wconf 86' lang='lat' dir='ltr'>ceteros</span> <span class='ocrx_word' id='word_1_331' title='bbox 681 3043 816 3093; x_wconf 88' lang='lat' dir='ltr'>eorundem</span> <span class='ocrx_word' id='word_1_332' title='bbox 832 3047 973 3104; x_wconf 90' lang='lat' dir='ltr'>temporum</span> <span class='ocrx_word' id='word_1_333' title='bbox 986 3043 1092 3093; x_wconf 83' lang='lat' dir='ltr'>disertos</span> <span class='ocrx_word' id='word_1_334' title='bbox 1106 3051 1179 3099; x_wconf 82' lang='lat' dir='ltr'>ente·</span> <span class='ocrx_word' id='word_1_335' title='bbox 1229 3031 1230 3078; x_wconf 50' lang='lat'>¹</span> 
     </span>
     <span class='ocr_line' id='line_1_36' title="bbox 225 3103 1180 3169; baseline 0.005 -15"><span class='ocrx_word' id='word_1_336' title='bbox 225 3104 309 3169; x_wconf 85' lang='lat' dir='ltr'>cessit,</span> <span class='ocrx_word' id='word_1_337' title='bbox 328 3105 417 3154; x_wconf 78' lang='lat' dir='ltr'>Calvus</span> <span class='ocrx_word' id='word_1_338' title='bbox 431 3110 513 3154; x_wconf 86' lang='lat' dir='ltr'>eutem</span> <span class='ocrx_word' id='word_1_339' title='bbox 529 3107 554 3154; x_wconf 83' lang='lat' dir='ltr'>et</span> <span class='ocrx_word' id='word_1_340' title='bbox 572 3105 669 3155; x_wconf 84' lang='lat' dir='ltr'>Asinius</span> <span class='ocrx_word' id='word_1_341' title='bbox 687 3109 712 3155; x_wconf 85' lang='lat' dir='ltr'>et</span> <span class='ocrx_word' id='word_1_342' title='bbox 730 3105 811 3154; x_wconf 83' lang='lat' dir='ltr'>Gaesor</span> <span class='ocrx_word' id='word_1_343' title='bbox 828 3105 853 3154; x_wconf 89' lang='lat' dir='ltr'>et</span> <span class='ocrx_word' id='word_1_344' title='bbox 870 3103 962 3154; x_wconf 86' lang='lat' dir='ltr'>Coelius</span> <span class='ocrx_word' id='word_1_345' title='bbox 979 3107 1003 3153; x_wconf 85' lang='lat' dir='ltr'>et</span> <span class='ocrx_word' id='word_1_346' title='bbox 1018 3104 1114 3156; x_wconf 89' lang='lat' dir='ltr'>Brutus</span> <span class='ocrx_word' id='word_1_347' title='bbox 1130 3124 1180 3161; x_wconf 87' lang='lat' dir='ltr'>sno</span> 
     </span>
     <span class='ocr_line' id='line_1_37' title="bbox 222 3165 1183 3229; baseline 0.009 -14"><span class='ocrx_word' id='word_1_348' title='bbox 222 3167 280 3227; x_wconf 85' lang='lat' dir='ltr'>jure</span> <span class='ocrx_word' id='word_1_349' title='bbox 294 3170 318 3216; x_wconf 89' lang='lat' dir='ltr'>et</span> <span class='ocrx_word' id='word_1_350' title='bbox 331 3165 454 3228; x_wconf 82' lang='lat' dir='ltr'>prioribus</span> <span class='ocrx_word' id='word_1_351' title='bbox 470 3171 494 3217; x_wconf 89' lang='lat' dir='ltr'>et</span> <span class='ocrx_word' id='word_1_352' title='bbox 507 3168 665 3228; x_wconf 86' lang='lat' dir='ltr'>sequentibus</span> <span class='ocrx_word' id='word_1_353' title='bbox 679 3170 871 3228; x_wconf 79' lang='lat' dir='ltr'>anteponuntur.</span> <span class='ocrx_word' id='word_1_354' title='bbox 882 3179 928 3214; x_wconf 89' lang='lat' dir='ltr'>nec</span> <span class='ocrx_word' id='word_1_355' title='bbox 939 3166 1015 3215; x_wconf 78' lang='lat' dir='ltr'>refert</span> <span class='ocrx_word' id='word_1_356' title='bbox 1027 3171 1097 3229; x_wconf 88' lang='lat' dir='ltr'>quod</span> <span class='ocrx_word' id='word_1_357' title='bbox 1111 3171 1183 3224; x_wconf 85' lang='lat' dir='ltr'>inter</span> 
     </span>
     <span class='ocr_line' id='line_1_38' title="bbox 225 3227 1183 3294; baseline 0 -18"><span class='ocrx_word' id='word_1_358' title='bbox 225 3241 251 3276; x_wconf 88' lang='lat' dir='ltr'>se</span> <span class='ocrx_word' id='word_1_359' title='bbox 264 3228 344 3289; x_wconf 86' lang='lat' dir='ltr'>specle</span> <span class='ocrx_word' id='word_1_360' title='bbox 357 3229 480 3294; x_wconf 78' lang='lat' dir='ltr'>differunt,</span> <span class='ocrx_word' id='word_1_361' title='bbox 495 3243 570 3290; x_wconf 89' lang='lat' dir='ltr'>quum</span> <span class='ocrx_word' id='word_1_362' title='bbox 585 3243 675 3290; x_wconf 81' lang='lat' dir='ltr'>genere</span> <span class='ocrx_word' id='word_1_363' title='bbox 688 3229 850 3279; x_wconf 82' lang='lat' dir='ltr'>consentient.</span> <span class='ocrx_word' id='word_1_364' title='bbox 863 3227 1000 3276; x_wconf 80' lang='lat' dir='ltr'>adstrictior</span> <span class='ocrx_word' id='word_1_365' title='bbox 1013 3228 1115 3294; x_wconf 78' lang='lat' dir='ltr'>Celsus,</span> <span class='ocrx_word' id='word_1_366' title='bbox 1125 3229 1183 3286; x_wconf 82' lang='lat' dir='ltr'>nu.</span> 
     </span>
     <span class='ocr_line' id='line_1_39' title="bbox 226 3289 1183 3355; baseline 0.008 -17"><span class='ocrx_word' id='word_1_367' title='bbox 226 3290 344 3338; x_wconf 77' lang='lat' dir='ltr'>onerosior</span> <span class='ocrx_word' id='word_1_368' title='bbox 361 3290 469 3354; x_wconf 86' lang='lat' dir='ltr'>Asinius,</span> <span class='ocrx_word' id='word_1_369' title='bbox 483 3291 633 3352; x_wconf 83' lang='lat' dir='ltr'>splendidior</span> <span class='ocrx_word' id='word_1_370' title='bbox 648 3291 739 3355; x_wconf 80' lang='lat' dir='ltr'>Caeser,</span> <span class='ocrx_word' id='word_1_371' title='bbox 751 3291 857 3340; x_wconf 75' lang='lat' dir='ltr'>ememor</span> <span class='ocrx_word' id='word_1_372' title='bbox 870 3289 963 3340; x_wconf 75' lang='lat' dir='ltr'>curtus</span> <span class='ocrx_word' id='word_1_373' title='bbox 970 3327 979 3354; x_wconf 97' lang='lat'>,</span> <span class='ocrx_word' id='word_1_374' title='bbox 996 3291 1097 3354; x_wconf 71' lang='lat' dir='ltr'>gravior</span> <span class='ocrx_word' id='word_1_375' title='bbox 1111 3295 1183 3346; x_wconf 89' lang='lat' dir='ltr'>Bru·</span> 
     </span>
     <span class='ocr_line' id='line_1_40' title="bbox 226 3351 1182 3416; baseline -0.004 -14"><span class='ocrx_word' id='word_1_376' title='bbox 226 3355 275 3416; x_wconf 90' lang='lat' dir='ltr'>tus,</span> <span class='ocrx_word' id='word_1_377' title='bbox 289 3351 457 3400; x_wconf 84' lang='lat' dir='ltr'>vehementior</span> <span class='ocrx_word' id='word_1_378' title='bbox 473 3357 497 3401; x_wconf 89' lang='lat' dir='ltr'>et</span> <span class='ocrx_word' id='word_1_379' title='bbox 510 3353 607 3415; x_wconf 90' lang='lat' dir='ltr'>plenior</span> <span class='ocrx_word' id='word_1_380' title='bbox 619 3356 644 3402; x_wconf 89' lang='lat' dir='ltr'>et</span> <span class='ocrx_word' id='word_1_381' title='bbox 658 3353 780 3404; x_wconf 76' lang='lat' dir='ltr'>volentior</span> <span class='ocrx_word' id='word_1_382' title='bbox 792 3353 878 3403; x_wconf 85' lang='lat' dir='ltr'>Cicero</span> <span class='ocrx_word' id='word_1_383' title='bbox 892 3365 899 3400; x_wconf 77' lang='lat' dir='ltr'>r</span> <span class='ocrx_word' id='word_1_384' title='bbox 915 3365 999 3400; x_wconf 80' lang='lat' dir='ltr'>omnes</span> <span class='ocrx_word' id='word_1_385' title='bbox 1013 3356 1100 3402; x_wconf 78' lang='lat' dir='ltr'>tamen</span> <span class='ocrx_word' id='word_1_386' title='bbox 1118 3371 1182 3410; x_wconf 66' lang='lat' dir='ltr'>em.</span> 
     </span>
     <span class='ocr_line' id='line_1_41' title="bbox 225 3413 1183 3490; baseline 0.005 -27"><span class='ocrx_word' id='word_1_387' title='bbox 225 3415 282 3463; x_wconf 86' lang='lat' dir='ltr'>dem</span> <span class='ocrx_word' id='word_1_388' title='bbox 301 3413 430 3464; x_wconf 85' lang='lat' dir='ltr'>sunitotern</span> <span class='ocrx_word' id='word_1_389' title='bbox 447 3415 592 3476; x_wconf 83' lang='lat' dir='ltr'>eloquentiae</span> <span class='ocrx_word' id='word_1_390' title='bbox 609 3415 707 3490; x_wconf 67' lang='lat' dir='ltr'>lerunt,</span> <span class='ocrx_word' id='word_1_391' title='bbox 722 3418 752 3464; x_wconf 90' lang='lat' dir='ltr'>ut</span> <span class='ocrx_word' id='word_1_392' title='bbox 769 3413 790 3464; x_wconf 89' lang='lat' dir='ltr'>si</span> <span class='ocrx_word' id='word_1_393' title='bbox 808 3414 919 3464; x_wconf 91' lang='lat' dir='ltr'>omnium</span> <span class='ocrx_word' id='word_1_394' title='bbox 938 3414 1029 3488; x_wconf 81' lang='lat' dir='ltr'>periter</span> <span class='ocrx_word' id='word_1_395' title='bbox 1048 3414 1132 3468; x_wconf 87' lang='lat' dir='ltr'>libros</span> <span class='ocrx_word' id='word_1_396' title='bbox 1155 3423 1183 3471; x_wconf 88' lang='lat' dir='ltr'>in</span> 
     </span>
     <span class='ocr_line' id='line_1_42' title="bbox 225 3475 1183 3540; baseline 0.003 -14"><span class='ocrx_word' id='word_1_397' title='bbox 225 3489 328 3526; x_wconf 81' lang='lat' dir='ltr'>menum</span> <span class='ocrx_word' id='word_1_398' title='bbox 341 3475 480 3537; x_wconf 85' lang='lat' dir='ltr'>sumpseris,</span> <span class='ocrx_word' id='word_1_399' title='bbox 492 3475 561 3540; x_wconf 88' lang='lat' dir='ltr'>scius,</span> <span class='ocrx_word' id='word_1_400' title='bbox 573 3477 684 3538; x_wconf 85' lang='lat' dir='ltr'>quumvis</span> <span class='ocrx_word' id='word_1_401' title='bbox 699 3491 726 3526; x_wconf 84' lang='lat' dir='ltr'>rn</span> <span class='ocrx_word' id='word_1_402' title='bbox 739 3476 841 3526; x_wconf 83' lang='lat' dir='ltr'>diversis</span> <span class='ocrx_word' id='word_1_403' title='bbox 854 3475 1032 3540; x_wconf 63' lang='lat' dir='ltr'>ingemiscas</span> <span class='ocrx_word' id='word_1_404' title='bbox 1045 3481 1183 3538; x_wconf 70' lang='lat' dir='ltr'>quandam</span> 
     </span>
     <span class='ocr_line' id='line_1_43' title="bbox 222 3537 1184 3602; baseline 0.007 -13"><span class='ocrx_word' id='word_1_405' title='bbox 222 3538 312 3602; x_wconf 81' lang='lat' dir='ltr'>judicii</span> <span class='ocrx_word' id='word_1_406' title='bbox 325 3552 353 3588; x_wconf 88' lang='lat' dir='ltr'>oc</span> <span class='ocrx_word' id='word_1_407' title='bbox 366 3537 499 3587; x_wconf 76' lang='lat' dir='ltr'>voluntatis</span> <span class='ocrx_word' id='word_1_408' title='bbox 514 3538 700 3588; x_wconf 87' lang='lat' dir='ltr'>similitudinem</span> <span class='ocrx_word' id='word_1_409' title='bbox 715 3541 739 3588; x_wconf 85' lang='lat' dir='ltr'>et</span> <span class='ocrx_word' id='word_1_410' title='bbox 755 3539 936 3602; x_wconf 74' lang='lat' dir='ltr'>cognationem.</span> <span class='ocrx_word' id='word_1_411' title='bbox 952 3551 1009 3588; x_wconf 78' lang='lat' dir='ltr'>nem</span> <span class='ocrx_word' id='word_1_412' title='bbox 1023 3541 1096 3601; x_wconf 88' lang='lat' dir='ltr'>quod</span> <span class='ocrx_word' id='word_1_413' title='bbox 1116 3543 1184 3596; x_wconf 79' lang='lat' dir='ltr'>iuri-</span> 
     </span>
     <span class='ocr_line' id='line_1_44' title="bbox 224 3600 1184 3668; baseline 0 -15"><span class='ocrx_word' id='word_1_414' title='bbox 224 3615 277 3653; x_wconf 75' lang='lat' dir='ltr'>cem</span> <span class='ocrx_word' id='word_1_415' title='bbox 288 3615 313 3652; x_wconf 87' lang='lat' dir='ltr'>se</span> <span class='ocrx_word' id='word_1_416' title='bbox 325 3601 531 3666; x_wconf 82' lang='lat' dir='ltr'>obtrectaverunt,</span> <span class='ocrx_word' id='word_1_417' title='bbox 543 3603 567 3650; x_wconf 87' lang='lat' dir='ltr'>et</span> <span class='ocrx_word' id='word_1_418' title='bbox 577 3605 635 3650; x_wconf 89' lang='lat' dir='ltr'>suut</span> <span class='ocrx_word' id='word_1_419' title='bbox 646 3602 729 3664; x_wconf 78' lang='lat' dir='ltr'>otique</span> <span class='ocrx_word' id='word_1_420' title='bbox 739 3600 848 3662; x_wconf 83' lang='lat' dir='ltr'>epistolis</span> <span class='ocrx_word' id='word_1_421' title='bbox 861 3613 950 3651; x_wconf 84' lang='lat' dir='ltr'>corum</span> <span class='ocrx_word' id='word_1_422' title='bbox 962 3601 1064 3665; x_wconf 84' lang='lat' dir='ltr'>inserts,</span> <span class='ocrx_word' id='word_1_423' title='bbox 1079 3617 1111 3653; x_wconf 83' lang='lat' dir='ltr'>ex</span> <span class='ocrx_word' id='word_1_424' title='bbox 1122 3609 1184 3668; x_wconf 82' lang='lat' dir='ltr'>qui·</span> 
     </span>
     <span class='ocr_line' id='line_1_45' title="bbox 224 3662 1183 3728; baseline -0.002 -12"><span class='ocrx_word' id='word_1_425' title='bbox 224 3666 270 3718; x_wconf 86' lang='lat' dir='ltr'>bns</span> <span class='ocrx_word' id='word_1_426' title='bbox 281 3663 368 3716; x_wconf 82' lang='lat' dir='ltr'>mutuo</span> <span class='ocrx_word' id='word_1_427' title='bbox 378 3662 518 3725; x_wconf 72' lang='lat' dir='ltr'>malignitas</span> <span class='ocrx_word' id='word_1_428' title='bbox 528 3663 659 3728; x_wconf 76' lang='lat' dir='ltr'>detegitur,</span> <span class='ocrx_word' id='word_1_429' title='bbox 674 3677 724 3712; x_wconf 85' lang='lat' dir='ltr'>non</span> <span class='ocrx_word' id='word_1_430' title='bbox 738 3665 775 3713; x_wconf 81' lang='lat' dir='ltr'>est</span> <span class='ocrx_word' id='word_1_431' title='bbox 785 3666 912 3714; x_wconf 78' lang='lat' dir='ltr'>oratorum</span> <span class='ocrx_word' id='word_1_432' title='bbox 925 3662 1022 3726; x_wconf 81' lang='lat' dir='ltr'>vitium,</span> <span class='ocrx_word' id='word_1_433' title='bbox 1035 3664 1082 3714; x_wconf 83' lang='lat' dir='ltr'>sed</span> <span class='ocrx_word' id='word_1_434' title='bbox 1095 3667 1183 3719; x_wconf 76' lang='lat' dir='ltr'>homi·</span> 
     </span>
    </p>
   </div>
   <div class='ocr_carea' id='block_1_4' title="bbox 0 0 1260 4080">
    <p class='ocr_par' dir='ltr' id='par_1_4' title="bbox 0 0 1260 4080">
     <span class='ocr_line' id='line_1_46' title="bbox 0 0 1260 4080; baseline 0 0"><span class='ocrx_word' id='word_1_435' title='bbox 0 0 1260 4080; x_wconf 95' lang='lat' dir='ltr'> </span> 
     </span>
    </p>
   </div>
  </div>
 </body>
</html>
