2442 4090
207 202 242 256 28
612 200 757 255 taetra

207 322 285 376 aotre
294 316 392 375 devoir
403 330 458 389 quc
471 329 542 387 pour
553 313 705 371 esseminer
718 316 795 371 rotro
805 327 973 386 cmperenr3
990 316 1022 371 et
1037 313 1070 371 te
1084 316 1186 371 dona-

208 404 306 469 tiuum,
325 415 379 473 que
400 398 441 456 les
454 402 548 455 eunus
560 412 630 454 vous
650 395 854 455 accordereieut
872 409 981 453 comme
995 396 1068 473 prix
1089 397 1135 453 de
1156 398 1184 453 la

208 483 332 554 revoltc,
351 498 420 540 vous
439 480 467 539 le
487 495 615 539 recerrea
633 479 668 538 de
688 495 757 537 noua
775 494 812 536 en
831 478 1014 551 recompense
1031 478 1073 536 de
1092 484 1182 537 voire

119 611 128 630 ,
209 556 324 622 udelitd.
342 584 357 617 o
888 614 890 617 ,

245 647 331 704 lilllll.
343 649 394 704 Les
399 647 582 718 spicotctecrr
588 645 687 703 s’etaut
694 642 843 719 disperses,
851 643 879 700 le
886 647 957 700 reste
966 643 1002 700 de
1009 643 1041 700 le
1049 645 1179 704 cohorte

211 730 350 801 prouentu
358 746 389 787 ce
398 731 522 788 discours
532 746 596 787 sans
607 728 773 802 opposition,
782 732 820 798 et,
831 743 941 784 comme
953 727 974 783 il
982 728 1085 786 suive
1101 731 1178 789 dans

201 811 252 871 -lea
264 819 404 871 moments
417 814 452 870 de
466 813 591 883 trouble,
606 811 660 869 elle
673 812 737 869 lere
752 825 796 867 ses
810 810 970 883 enseignes,
990 825 1045 884 par
1060 812 1176 871 basani

210 902 238 956 et
251 914 315 957 aens
328 902 390 971 trop
404 900 495 955 aovoir
509 913 541 955 ce
553 897 654 971 qu'elle
669 894 778 965 ieisait,
799 893 891 968 plutdt
911 910 965 967 que
984 909 1038 967 par
1059 912 1135 953 ruse
1148 902 1175 954 et

210 997 262 1057 par
275 981 415 1052 trahison,
428 996 540 1038 comme
551 996 588 1037 on
601 980 640 1036 l'a
652 994 703 1037 cru
715 977 822 1050 depuis.
833 979 937 1035 Murius
946 977 1043 1035 Celsus
1060 977 1110 1036 lut
1123 995 1173 1037 en-

211 1066 280 1139 aoyi
297 1079 361 1121 aere
376 1079 417 1121 un
436 1078 516 1136 corps
534 1061 625 1119 d’elite
639 1059 673 1117 de
689 1058 804 1117 l’armde
818 1058 955 1134 d’lllprie,
970 1061 1019 1132 qui
1037 1064 1172 1135 campait

212 1164 277 1206 sous
285 1147 454 1220 leportique
466 1145 627 1218 Vipsanien.
639 1143 681 1201 011
693 1144 787 1201 donna
800 1141 883 1199 ordre
894 1158 950 1200 aux
960 1143 1171 1218 primipilaires

212 1230 341 1287 Amulius
356 1227 477 1284 Serenus
491 1232 519 1284 et
536 1226 671 1284 Domitius
688 1224 807 1282 Sabinus
820 1224 980 1295 d'amcner,
1003 1225 1043 1282 du
1056 1227 1171 1301 temple

211 1311 247 1369 de
262 1313 289 1370 le
310 1310 419 1369 Liberti
426 1311 461 1381 ¹¹,
474 1308 514 1366 lca
528 1309 631 1367 solduts
644 1306 678 1365 de
704 1308 862 1365 Germania.
878 1309 929 1364 Les
948 1312 1063 1381 troupes
1078 1309 1116 1367 de
1143 1311 1169 1369 la

212 1395 322 1452 mariue
335 1393 501 1467 inspiraient
512 1406 568 1464 peu
581 1391 616 1448 de
629 1390 783 1460 conflance,
797 1389 905 1447 irritdes
924 1389 1039 1463 qu'elles
1058 1391 1169 1450 dtaiem

212 1494 312 1536 encore
328 1477 368 1534 du
385 1479 511 1533 mourtre
530 1474 565 1531 de
584 1474 662 1531 leurs
681 1488 868 1546 compagnons
881 1473 1016 1544 d'armes,
1033 1475 1101 1532 tues
1115 1494 1169 1549 par

213 1560 298 1618 Galba
311 1560 391 1618 ison
404 1557 499 1616 entrde
513 1558 584 1614 dans
598 1559 696 1614 Rome.
712 1556 755 1612 On
769 1570 878 1627 enaoya
890 1570 927 1612 au
939 1570 1022 1628 cpmp
1036 1555 1089 1614 des
1100 1558 1167 1632 prd-

213 1644 317 1700 toriens
344 1643 413 1699 trois
437 1642 565 1709 tribune,
591 1639 689 1696 decius
707 1635 842 1706 severus,
866 1636 983 1694 Subrius
1002 1639 1107 1696 Dexter
1139 1646 1166 1698 et

215 1725 363 1796 Pompeius
376 1725 530 1794 Longinus,
545 1737 615 1794 pour
628 1722 690 1779 voir
701 1721 724 1776 si
737 1720 772 1777 de
784 1735 864 1793 seges
877 1719 994 1777 conseils
1008 1735 1044 1776 ne
1060 1722 1164 1779 triom·
1218 1796 1219 1799 Ἴ

216 1806 361 1882 pheraient
374 1820 424 1877 pes
442 1804 476 1860 de
495 1807 567 1860 cette
585 1802 701 1860 sediiim
720 1803 770 1875 qui
788 1803 975 1873 commenpait
996 1801 1013 1857 i
1033 1804 1115 1876 peine
1137 1810 1165 1862 et

215 1891 321 1948 u'aveit
338 1889 417 1962 point
429 1903 465 1945 eu
483 1888 510 1944 le
524 1890 615 1960 temps
628 1886 662 1943 de
677 1901 707 1943 sc
723 1885 850 1943 fortifler.
872 1888 923 1942 Les
937 1885 1041 1942 soldats
1054 1902 1085 1944 se
1097 1888 1163 1945 bor·

169 1979 172 1984 '
215 1970 320 2028 nerent
331 1969 349 2028 i
360 1986 492 2028 menacer
505 1970 602 2027 Citius
616 1974 644 2026 et
655 1972 772 2039 Dexter3
788 1969 860 2025 mais
873 1969 907 2025 ils
917 1967 1067 2026 eniterent
1076 1975 1105 2028 et
1114 1973 1162 2029 de-

217 2051 373 2128 sarmerent
384 2053 537 2124 Longinus,
551 2067 632 2125 paroc
644 2067 699 2124 que
708 2051 824 2108 l'amitii
832 2050 866 2107 de
877 2050 962 2107 Galba
969 2050 1061 2108 l'avait
1071 2051 1160 2125 eleae,

217 2141 302 2194 avant
315 2153 365 2195 son
378 2140 453 2208 tour,
469 2152 506 2195 cu
521 2135 606 2209 gracie
620 2137 655 2192 de
668 2136 782 2206 tribon,
797 2137 893 2207 etque
908 2151 958 2192 son
972 2135 1159 2197 attacbement

216 2236 287 2293 pour
294 2221 322 2278 le
330 2221 424 2295 prince
433 2220 460 2277 le
474 2218 585 2276 reudait
596 2224 705 2291 suspect
718 2233 773 2274 aux
784 2217 912 2275 rebelles.
929 2220 967 2275 La
980 2217 1071 2291 legion
1087 2220 1121 2278 de
1130 2223 1159 2280 la

217 2306 342 2377 marine,
357 2322 422 2363 sens
435 2303 539 2362 hesiter
546 2342 556 2374 ,
572 2318 601 2358 sc
616 2300 717 2375 Joignit
730 2317 784 2358 aux
798 2299 960 2374 pretoriens.
981 2304 1018 2359 Le
1032 2302 1157 2362 deuehe-

218 2390 295 2443 ment
306 2387 426 2462 d'lllprie
436 2402 567 2461 repoussa
578 2385 672 2444 Celsus
684 2383 701 2442 'a
716 2400 799 2457 coups
815 2385 849 2441 de
858 2383 971 2456 javelot.
986 2386 1035 2443 Les
1048 2390 1157 2462 troupes

219 2583 233 2616 o
247 2569 318 2617 bunt.
330 2580 376 2616 nec
385 2570 421 2616 est
430 2568 487 2627 plue
497 2567 562 2628 quod
571 2579 616 2674 zuo
628 2566 695 2615 cede
704 2563 824 2635 Principis
834 2577 908 2625 quam
916 2565 982 2627 quod
991 2565 1154 2619 innocentibus

220 2644 234 2675 o
248 2631 332 2689 datur,
346 2629 388 2676 sed
402 2627 503 2688 perinde
516 2642 531 2674 a
544 2640 577 2675 no
594 2627 614 2674 is
628 2628 773 2675 donativum
786 2627 817 2674 ob
830 2625 905 2675 iidem
919 2640 993 2688 quam
1009 2629 1038 2676 ab
1049 2629 1098 2677 aliis
1111 2644 1154 2693 pro

220 2705 234 2736 »
249 2689 357 2737 iocinore
371 2687 500 2748 accipietis.
514 2703 528 2734 u

250 2749 339 2800 XXXI.
362 2749 465 2810 Dilapsis
481 2746 685 2810 speculatoribus,
699 2751 780 2798 cetere
794 2749 880 2798 cohors
896 2762 946 2798 uon
963 2754 1084 2811 aspernata
1098 2766 1152 2802 con·

221 2813 370 2873 ciouontem,
383 2815 412 2858 ut
425 2810 528 2859 turbidis
542 2809 617 2859 rebus
629 2809 718 2873 evenit,
733 2811 796 2859 iorte
807 2811 885 2870 magis
897 2815 922 2860 et
933 2812 1002 2860 nullo
1014 2811 1087 2861 adbuc
1097 2828 1150 2864 con·

221 2874 276 2923 silio
290 2876 362 2935 parat
375 2871 445 2933 sigua
464 2885 548 2934 quam,
566 2870 631 2930 quod
646 2873 730 2932 postea
743 2871 864 2921 creditum
877 2877 921 2934 est,
939 2871 1034 2922 insidiis
1048 2877 1070 2922 et
1081 2875 1151 2926 aimu-

222 2937 322 2986 letione.
337 2933 424 2983 missus
434 2936 459 2981 et
470 2933 552 2982 Celsus
560 2932 653 2980 ilarius
665 2932 695 2980 nd
705 2934 794 2982 electos
805 2933 896 2996 lllyrici
907 2933 1035 2996 exercitus,
1044 2934 1151 2996 Vipsania

223 2997 249 3046 in
262 2997 356 3058 porticu
370 2997 505 3045 tendentes.
523 2998 671 3056 praeceptum
687 2995 784 3043 Amulio
797 2995 889 3045 Sereno
909 2999 935 3042 ct
950 2995 1055 3045 Domitio
1066 2997 1149 3050 Sabino

224 3057 416 3120 primipilaribus
431 3056 614 3106 siderandum
631 3054 713 3105 militae
731 3069 742 3104 a
757 3057 874 3106 libertatis
892 3057 957 3121 attio
968 3065 1099 3110 arcesserent.
1117 3062 1149 3112 le

223 3119 290 3182 gioui
306 3120 412 3168 classicae
429 3117 597 3180 diludebatur,
613 3115 707 3167 iniostre
725 3118 755 3166 ob
772 3119 865 3168 caedcm
883 3117 1079 3182 commilitonum,
1092 3135 1148 3182 quos

206 3182 303 3244 primo
316 3181 397 3229 stetim
416 3180 519 3229 introitu
536 3178 700 3228 trucidaverat
716 3179 802 3227 Galba.
823 3183 930 3242 pergunt
947 3179 1022 3230 etium
1038 3183 1060 3230 ia
1076 3187 1147 3236 cadro

241 3242 430 3292 raetorionorum
446 3240 538 3289 tribuni
556 3239 642 3290 Gerius
660 3240 777 3304 Severus,
792 3240 897 3292 Subrius
913 3242 1015 3305 Dexter,
1032 3243 1146 3306 Pompeius

223 3258 665 3418 &utitatissimum
685 3302 1146 3419 strenuissimum

224 3428 308 3491 minis,
323 3427 463 3490 Longinum
481 3425 595 3473 manibus
610 3427 722 3472 coercent
738 3427 926 3484 exarmantque,
940 3425 998 3483 quia
1015 3439 1060 3473 uon
1071 3428 1145 3480 ordine

223 3490 329 3553 milities,
341 3491 383 3538 sed
396 3502 411 3537 e
425 3487 509 3536 Gnlbae
523 3485 619 3546 amicis,
630 3483 696 3531 udus
702 3482 812 3541 Principi
826 3496 871 3530 suo
883 3488 907 3531 et
919 3484 1092 3535 desciscentibus
1100 3503 1146 3540 aus

255 3552 317 3601 otior
336 3554 398 3600 erat.
422 3548 486 3611 legio
505 3545 606 3593 classice
625 3543 690 3591 nibil
711 3545 826 3590 cunctata
843 3542 992 3603 pretorianis
1013 3547 1144 3608 adiungitur.

224 3568 316 3678 ffiprici
334 3610 453 3662 exercitus
471 3605 543 3656 electi
560 3605 660 3652 Celsum
674 3602 768 3652 iniectis
781 3602 837 3664 pilis
852 3603 1014 3661 proturbant..
1022 3607 1145 3662 Germanica
