2462 4102
150 287 153 296 ,
200 240 252 298 ,aaa
592 207 735 296 racrrn
825 231 828 237 '

203 353 288 425 vigne
302 355 337 411 de
346 356 432 411 Tutor
444 356 471 410 et
485 353 520 410 de
531 353 676 423 Classicus,
690 369 739 409 un.
753 359 972 424 gouvernement
983 355 1050 427 plus
1065 355 1161 427 doux,

204 452 240 490 ou
249 436 277 492 la
291 437 434 492 seduction
450 435 498 492 des
511 435 613 508 impote
625 434 776 492 destineat
792 450 879 509 paver
892 436 1009 494 l'armee
1023 438 1074 511 qui
1084 455 1163 496 vous

205 515 374 590 protegerait
388 521 483 576 contre
496 518 537 575 les
550 519 698 575 Germains
713 522 741 574 et
760 518 801 574 les
822 520 947 575 Bretons.
968 522 1011 575 En
1029 521 1111 592 eliel,
1137 526 1163 579 si

203 599 244 655 ies
252 603 387 657 R'omains
396 601 500 664 etaient
508 599 630 670 obesses,
640 602 764 673 puissent
773 600 814 657 les
828 601 911 658 dieur
923 618 994 658 nous
1003 603 1163 675 preserver

203 683 237 738 de
251 699 282 739 oe
292 684 443 740 malheur‘t
461 683 698 756 qir’arriverait-il,
710 685 791 738 sinon
801 699 857 740 une
868 686 1163 756 guerreuniverselle

204 768 283 822 entre
297 770 388 824 tontes
410 766 451 824 ies
471 765 601 822 natione?
616 768 654 822 La
674 765 785 823 fortune
800 769 828 822 et
842 767 869 822 le
883 767 986 823 travail
1002 771 1065 838 ont,
1084 787 1162 842 pen·

203 849 271 905 dant
291 849 353 905 huit
374 853 449 906 cents
466 865 530 918 ans,
552 847 739 906 consolidatae
757 849 861 904 colosso
878 848 928 921 qui
947 865 984 904 ne
1004 853 1074 920 peut
1095 851 1162 909 etre

203 929 308 988 detruit
316 931 400 1004 qn'en
412 931 539 988 ecrasant
551 931 676 1002 ceuxqui
688 931 715 985 le
729 928 925 987 deturiraient.
935 932 972 986 Le
982 930 1046 1003 plus
1060 935 1161 1004 grand

203 1013 276 1086 peril
288 1019 331 1072 est
343 1031 414 1089 pour
424 1031 504 1084 vous,
520 1014 568 1086 qui
582 1023 647 1069 avez
656 1013 709 1069 l’or
718 1017 745 1068 et
759 1011 800 1070 les
815 1013 961 1082 richesses,
977 1029 1079 1070 causes
1088 1033 1161 1088 pre·

203 1097 305 1154 mieres
319 1098 367 1154 des
381 1113 506 1170 guerras.
521 1098 627 1165 Aimez,
639 1099 777 1169 respectez
794 1096 865 1153 donc
882 1097 911 1152 la
928 1098 993 1169 paix
1007 1101 1037 1153 et
1049 1099 1160 1170 Rome,

204 1180 252 1252 qui
264 1179 353 1250 recoit
364 1178 454 1234 etitre
468 1178 541 1250 egat,
551 1193 589 1234 au
598 1194 669 1249 rang
680 1178 715 1234 de
727 1193 771 1234 ses
783 1178 916 1251 citoyens,
927 1178 967 1234 les
977 1177 1161 1252 vainqueurs

204 1265 232 1319 et
245 1262 285 1318 les
298 1261 421 1320 vaincus.
436 1251 557 1317 iiclaire's
568 1276 619 1332 par
633 1264 712 1316 votre
727 1260 857 1317 destinet
871 1276 922 1332 par
936 1261 963 1316 le
977 1259 1075 1332 notre,
1089 1264 1161 1335 pre-

205 1343 277 1400 ie'rez
292 1343 308 1400 b
322 1359 379 1400 une
393 1342 498 1399 'revolte
508 1335 637 1416 qui'vous
648 1342 729 1414 perd,
744 1357 801 1398 une
814 1342 981 1398 soumission
991 1342 1040 1414 qui
1054 1359 1159 1402 assure

204 1430 283 1484 voire
303 1425 468 1484 securiter
488 1426 525 1482 Ge
539 1425 662 1481 discours
683 1424 775 1481 rendit
788 1424 816 1480 le
836 1424 927 1480 calme
944 1426 973 1480 et
987 1423 1016 1480 ie
1031 1441 1160 1501 courage

206 1525 260 1566 aux
274 1511 408 1566 barbares
421 1509 469 1582 qui
484 1509 657 1584 croignaieut
671 1508 705 1564 de
714 1508 780 1580 plus
793 1506 913 1579 grandes
926 1507 1066 1580 rigueurs.

147 1602 151 1606 '
240 1595 337 1652 LXXV.
357 1592 457 1650 iberes
470 1591 669 1663 elaitoccupee
683 1607 733 1663 par
747 1589 863 1646 l’armee
877 1591 1057 1662 victoricuse‚
1083 1592 1160 1651 lors-

205 1691 261 1750 que
275 1676 369 1732 Civilis
376 1679 409 1732 'et
422 1676 555 1732 Classicus
568 1673 738 1746 emouerent
752 1671 769 1727 b
783 1672 897 1728 Cerialis
911 1673 959 1728 des
972 1673 1069 1730 lettres
1085 1676 1159 1733 dont

206 1759 277 1815 voici
295 1759 322 1815 le
339 1775 402 1816 sens
422 1777 429 1814 :
457 1775 472 1810 a
491 1757 639 1829 Vespasien
654 1759 694 1812 est
708 1759 792 1825 mort,
807 1755 958 1828 quoiqu'on
972 1771 1009 1811 en
1021 1757 1111 1814 cache
1128 1759 1159 1816 la

207 1841 346 1898 nouvelle.
368 1841 455 1906 Rome
469 1844 497 1896 et
510 1839 684 1896 l¹ltaliesont
697 1837 822 1911 epuisees
835 1853 885 1910 par
899 1838 927 1894 la
940 1853 1043 1910 guerro
1057 1839 1155 1897 civile.

205 1923 312 1979 liucien
327 1927 355 1978 et
367 1923 506 1999 Domitien
521 1937 557 1977 ue
571 1925 699 1994 suntque
711 1921 745 1977 de
757 1922 929 1977 vainsnoms
943 1935 1007 1976 saus
1022 1924 1156 1994 pouvoir.

205 2007 233 2062 Si
248 2002 361 2060 cerialis
375 2006 442 2059 veut
453 2003 640 2076 l'empire'des
654 2002 764 2073 Gaules,
778 2003 813 2059 ils
824 2019 853 2059 se
867 2005 1063 2059 contenteront
1079 2021 1157 2078 pour

205 2089 268 2145 leur
281 2089 343 2161 part
356 2087 393 2142 du
405 2086 543 2142 territoire
558 2085 592 2141 de
606 2084 680 2141 leurs
692 2085 768 2141 cites.
794 2085 843 2142 S’il
864 2083 973 2157 prefero
985 2085 1012 2140 le
1024 2089 1157 2160 combat,

207 2171 242 2227 ils
257 2171 401 2242 acceptent
413 2167 442 2224 la
455 2182 564 2240 guerre.
581 2187 596 2222 v
618 2167 734 2222 Ce'rialis
748 2183 785 2222 ne
799 2165 929 2238 repondit
942 2167 1006 2222 rien
1020 2165 1037 2222 b
1052 2168 1157 2228 Civilis

207 2258 236 2311 et
250 2254 266 2310 l
279 2253 425 2323 Classicus,
439 2256 467 2308 et
479 2252 499 2307 il
512 2266 619 2324 envova
631 2249 647 2305 a
658 2250 799 2306 Domitien
811 2249 852 2305 les
865 2248 961 2322 lettres
974 2253 1002 2305 et
1014 2249 1090 2308 celui
1103 2257 1157 2327 qui

208 2337 247 2394 ies
261 2337 336 2395 avait
347 2335 500 2411 apportees.
514 2337 568 2391 -Les
580 2333 716 2403 ennemis,
730 2347 781 2404 per
792 2330 897 2390 bandes
907 2331 1066 2404 doachees,
1078 2339 1157 2394 arri-

206 2495 374 2568 upensautur.
394 2491 442 2540 nisi
461 2491 523 2540 torte
542 2491 634 2539 Tutore
653 2490 677 2538 et
690 2487 796 2538 Classico
814 2485 974 2560 regnantibus
998 2489 1157 2543 moderatius

206 2574 220 2604 a
236 2555 368 2616 imperium
382 2553 492 2614 speratis,
504 2554 546 2600 aut
561 2549 696 2600 minoribus
713 2563 787 2610 quam
801 2562 868 2597 nunc
881 2549 981 2598 tirbutrs
994 2552 1157 2610 parabuntur·

207 2635 220 2665 u
236 2616 353 2665 exercitus
362 2615 449 2675 quibus
459 2613 575 2662 Germani
588 2611 748 2671 Britannique
761 2615 897 2659 arceantur.
910 2624 969 2659 uum
982 2611 1062 2671 pulsis
1073 2613 1155 2676 (quod

207 2696 220 2725 a
236 2678 271 2725 viii
285 2675 439 2738 prohibeant)
453 2675 568 2723 Romanis
586 2673 645 2734 quid
661 2673 728 2721 aliud
741 2686 815 2733 quam
833 2673 899 2720 bella
917 2671 1030 2720 omnium
1047 2673 1113 2723 inter
1126 2689 1155 2727 se

207 2756 220 2786 a
235 2738 346 2800 gentium
359 2736 489 2784 exsistenti
508 2736 704 2798 octingentorum
718 2747 839 2782 annorum
856 2735 955 2786 fortuna
970 2733 1155 2798 disciplinaque

207 2818 220 2847 a
235 2811 363 2860 compages
376 2798 430 2844 baec
444 2797 543 2858 coaluit,
555 2809 611 2858 quae
625 2796 728 2844 convelli
742 2796 794 2844 sine
805 2794 880 2844 exitio
894 2795 1084 2844 convellentium
1099 2811 1154 2848 uon

207 2879 219 2910 a
235 2863 319 2922 potest.
335 2859 376 2908 sed
388 2856 454 2904 vobis
468 2857 602 2906 maximum
616 2856 755 2920 discrimen,
769 2869 842 2918 penes
861 2869 921 2919 quos
934 2869 1024 2904 aurum
1043 2861 1068 2906 et
1082 2872 1153 2924 opes,

208 2941 220 2970 a
235 2920 367 2984 precipuae
379 2920 498 2967 bellorum
513 2931 601 2966 causae.
624 2917 726 2988 proinde
743 2932 829 2978 pacem
843 2920 868 2966 et
883 2919 981 2978 Urbem,
1001 2927 1077 2978 quarn
1091 2921 1153 2970 victi

209 3003 221 3032 a
237 2985 386 3044 victoresque
406 2981 492 3029 eodem
504 2979 560 3039 jure
583 2980 731 3041 obtinemus,
754 2983 844 3040 amate,
864 2979 945 3027 colite.
970 2984 1089 3029 moneant
1107 2995 1153 3032 vos

209 3066 221 3094 a
233 3047 362 3107 utriusque
375 3043 481 3092 iortuuae
492 3042 645 3104 documenta,
655 3055 687 3089 ne
697 3040 876 3089 contumaciam
888 3054 945 3089 cum
955 3040 1064 3100 pernicie
1075 3057 1152 3104 quum

209 3127 222 3156 o
238 3107 381 3170 obsequium
396 3119 454 3154 cum
472 3104 599 3153 securitate
623 3101 721 3152 malitis.
740 3118 753 3148 u
773 3102 828 3152 Tali
841 3102 951 3150 oratione
971 3102 1086 3160 graviora
1099 3117 1153 3154 me·

209 3173 305 3218 tuentes
318 3167 453 3230 composuit
467 3166 601 3227 erexitque.
972 3222 977 3234 ι
996 3221 1001 3233 ⁸

239 3229 338 3279 LXXV.
350 3229 508 3278 Tenebantur
518 3228 609 3276 victore
623 3226 731 3276 exercitu
741 3225 850 3288 Treveri,
863 3237 940 3286 quum
951 3223 1036 3272 Civilis
1048 3227 1074 3273 et
1083 3227 1154 3276 Clas·

208 3291 271 3340 sicus
283 3290 370 3336 misere
379 3290 490 3349 epistolas
501 3289 530 3338 ad
542 3289 671 3349 Cerialem,
681 3301 786 3348 quarum
796 3288 851 3337 baec
865 3285 983 3334 sententia
993 3285 1058 3334 tuit:
1071 3289 1153 3339 «Vas.

208 3370 222 3399 »
241 3350 375 3412 pasionum,
388 3363 536 3408 quamquam
552 3349 652 3398 arturius
667 3351 825 3409 occultarent,
842 3346 967 3396 excessisse
978 3346 1042 3407 vita;
1057 3349 1152 3400 Urbem

209 3430 222 3460 u
238 3415 310 3470 atque
324 3409 417 3455 ltaliam
438 3408 535 3455 interno
549 3412 614 3457 bello
637 3413 806 3466 consumptam
815 3420 823 3467 ;
846 3407 953 3457 Muciani
967 3419 995 3455 ac
1014 3408 1153 3462 Domitiani

208 3490 221 3520 u
236 3484 298 3519 vana
311 3472 336 3514 et
350 3467 402 3514 sine
415 3467 505 3513 viribus
519 3469 627 3516 nomina.
642 3469 662 3515 si
674 3467 774 3516 Cerialis
788 3467 919 3538 imperium
932 3469 1070 3518 Galliarum
1081 3474 1153 3538 vetit,

209 3552 222 3580 a
238 3534 302 3594 ipsos
313 3527 401 3576 tinibus
413 3525 538 3572 civitatum
550 3541 650 3573 suarum
662 3530 786 3574 contentos
790 3541 798 3585 3
814 3542 834 3574 sr
846 3529 960 3589 praelium
972 3531 1069 3592 mallet,
1082 3547 1115 3582 ne
1127 3535 1152 3584 id

209 3613 222 3643 a
238 3592 337 3654 quidem
352 3587 470 3634 abnuere.
488 3601 501 3629 u
520 3585 558 3631 Ad
575 3599 604 3632 ea
619 3585 720 3632 Cerialis
738 3585 810 3634 Givili
827 3592 851 3635 et
869 3589 974 3637 Classico
990 3589 1054 3638 nibil
1069 3614 1076 3641 .·
1093 3609 1152 3645 eum

209 3655 250 3715 qui
273 3649 386 3700 attulerat
407 3647 469 3706 ipsas
492 3645 605 3704 epistolas
624 3645 654 3692 ad
672 3644 841 3695 Domitianum
858 3649 935 3697 misit.
955 3651 1043 3699 Hostes
1067 3653 1154 3706 divisis
