2436 4090
223 277 275 332 2¹2
624 277 775 330 Tlcllll.

211 396 301 454 :mles
323 399 350 452 et
363 409 400 452 en
414 395 519 452 iormer
538 394 572 450 de
587 395 740 452 nouvelles.
756 381 796 450 'Ge
810 397 933 452 meurtre
955 393 997 450 los
1016 391 1185 466 desespera,

226 484 253 535 et
266 478 381 534 l'armee
400 477 541 533 flavienus
555 477 649 548 opprit
672 493 740 534 eree
752 492 810 535 isne
827 476 886 551 joie
905 475 1036 534 indicible
1053 475 1086 532 le
1104 483 1187 532 mort

224 561 259 618 de
273 560 385 630 valeus,
399 559 428 616 lo
441 559 594 632 regerdont
611 575 721 617 comme
741 560 769 617 le
782 559 830 619 on
848 560 884 617 de
899 559 928 629 le
942 573 1054 631 guerre.
1075 557 1186 614 Valens

224 643 293 702 eteit
306 643 342 700 ne
355 643 372 701 i
385 644 507 716 Anogni,
523 643 607 700 d'une
621 643 731 702 iamille
746 643 883 717 equestre.
899 645 938 698 lle
955 657 1064 700 moeurs
1082 642 1186 700 faciles

224 730 253 783 et
267 727 334 782 d’uu
352 725 439 798 esprit
458 725 610 797 distingue,
629 724 652 781 il
671 725 815 784 cherchoit
832 725 903 782 dens
922 725 963 782 les
985 725 1100 797 plaisirs
1122 741 1185 780 une

223 808 382 882 reputetion
393 807 562 880 d'ele'genoe.
574 808 644 864 Sous
651 808 754 878 Neron,
765 824 821 866 oux
828 807 1017 877 iuvenalesil
1026 806 1185 877 oveitjoue

222 891 272 948 des
285 892 399 962 mimes‚
419 890 535 948 d'ebord
549 907 660 949 comme
678 907 737 964 per·
748 893 915 960 eontreinte,
930 890 1002 946 meis
1018 889 1131 946 hienlot
1148 891 1184 946 de

223 990 275 1032 son
295 975 371 1048 plein
386 974 447 1048 gre,
463 979 490 1031 et
512 991 580 1032 aveo
602 975 664 1047 plus
684 975 719 1032 de
741 975 831 1032 telent
853 989 908 1047 que
930 973 969 1030 de
984 988 1180 1042 eonrenenoe.

224 1057 389 1114 lientenenl
400 1057 435 1114 de
448 1055 552 1129 legion,
574 1056 596 1114 il
613 1055 657 1114 int
673 1056 751 1133 l’ami
765 1062 794 1114 et
811 1055 1055 1118 leveelnmnieteur
1065 1056 1102 1112 de
1117 1058 1182 1114 Vir

224 1139 324 1211 ginius.
346 1139 435 1196 litua
452 1139 584 1212 Capiton,
607 1137 678 1212 qu’il
698 1138 775 1196 auoit
796 1155 959 1210 ceremon,
978 1153 1017 1194 eu
1036 1139 1183 1210 perit-elre

223 1235 306 1295 poree
320 1221 389 1295 qu’il
405 1223 509 1280 n’eveit
524 1239 564 1298 pu
583 1222 609 1280 le
622 1238 794 1295 corrompre.
815 1222 923 1279 Treitre
940 1219 958 1278 i
976 1221 1075 1292 Galba,
1091 1222 1182 1280 fidele

224 1303 242 1362 i
260 1303 394 1375 Vitellius,
409 1303 485 1362 illut
499 1306 555 1362 mis
568 1319 603 1360 eu
618 1302 702 1361 relies
713 1319 765 1376 per
777 1303 806 1360 lo
820 1302 937 1376 perfidie
950 1303 999 1360 des
1011 1309 1124 1362 autres.

260 1387 344 1444 Llllll.
361 1389 445 1444 leurs
458 1387 619 1461 esperenoes
638 1386 784 1444 eneenties
796 1386 830 1444 de
844 1389 907 1444 tous
920 1385 1003 1456 cotes,
1017 1387 1060 1444 les
1073 1388 1182 1446 solclels

206 1470 372 1542 uitelliens,
395 1471 504 1528 decides
526 1468 543 1526 s
563 1469 687 1542 changer
708 1469 743 1526 de
763 1470 849 1542 perti,
862 1469 1014 1526 meisevee
1031 1469 1180 1543 honneur,

225 1555 429 1625 deseendirent,
443 1554 544 1627 rengis
558 1569 622 1612 sous
633 1553 674 1610 les
688 1553 833 1624 enseignes
846 1555 875 1608 et
888 1552 930 1608 les
939 1552 1095 1624 drapum,
1107 1555 1181 1613 dens

215 1637 253 1696 'le
266 1639 361 1712 pleine
374 1637 538 1696 eu-dessous
546 1636 581 1693 de
592 1637 690 1693 Rome.
702 1637 752 1692 Les
764 1635 903 1704 Fleviens,
912 1634 1180 1706 disposesetermes

224 1736 335 1778 comme
348 1736 420 1794 pour
433 1720 461 1776 le
475 1719 596 1788 remisi,
611 1718 714 1776 etaient
728 1715 832 1774 messes
851 1716 900 1773 des
918 1717 992 1779 deux
1005 1715 1082 1776 oote's
1094 1719 1134 1776 de
1149 1720 1179 1776 ln

224 1813 314 1860 route.
325 1803 500 1874 llsreeurent
513 1817 552 1858 au
565 1802 664 1860 milieu
672 1801 754 1858 d'eux
763 1799 805 1857 les
816 1799 974 1873 Vitellians,
987 1804 1015 1857 et
1026 1802 1127 1874 quand
1145 1803 1179 1858 ils

224 1884 268 1940 les
281 1889 381 1942 eurent
394 1884 535 1954 entoures,
551 1883 686 1942 Antonius
697 1884 759 1940 leur
776 1882 857 1956 perio
875 1897 943 1940 enee
963 1881 1177 1942 eonsensum

224 1966 313 2038 partie
336 1968 384 2022 eui
403 1965 486 2022 ordre
509 1964 543 2021 de
566 1969 654 2023 restes
674 1965 692 2022 is
712 1965 825 2035 Noruie,
845 1964 945 2022 l'eutre
959 1962 1176 2038 evlnttmmnffi

224 2063 264 2104 ou
275 2047 358 2104 laissa
372 2047 435 2121 pres
454 2047 536 2104 d'eux
548 2047 768 2122 quelques-unes
789 2045 838 2102 des
856 2044 1176 2133 legionensium,

224 2146 291 2186 orec
304 2131 457 2204 injonetion
473 2131 508 2186 de
521 2129 637 2188 lesbien
651 2130 749 2187 treiter
760 2129 818 2186 s’ils
827 2145 860 2186 se
871 2129 997 2187 teneient
1008 2133 1176 2205 tranulues
1210 2137 1211 2144 ’

225 2217 253 2270 et
268 2214 302 2270 de
316 2214 357 2271 les
369 2214 496 2270 contenis
507 2228 544 2269 en
557 2229 603 2270 eos
617 2211 651 2268 de
664 2211 785 2269 revoltef
794 2213 955 2268 Durentces
963 2212 1174 2288 meneniours,

225 2293 1175 2368 Antomusetvanusnecesserentd'erpediersvitelliuscourriers
1210 2341 1211 2360 l

225 2397 273 2438 sur
286 2383 427 2440 couri-iere
439 2398 511 2454 pour
523 2380 564 2438 lui
575 2379 657 2438 offrir
668 2379 696 2436 le
710 2379 755 2436 vie
770 2395 866 2448 seuve,
881 2377 916 2436 de
934 2377 1055 2452 l'argent
1070 2386 1099 2439 et
1120 2401 1174 2440 nne
1210 2375 1211 2434 l

225 2466 338 2522 measse
351 2480 388 2524 en
401 2464 564 2538 campanie,
578 2461 754 2536 suessent
767 2458 1173 2537 resnmo‚ets’nserernt,

226 2634 345 2684 soverent.
357 2644 415 2682 nem
425 2630 549 2695 uomuisse
560 2631 586 2680 iu
602 2629 732 2681 enerues
749 2627 864 2680 Valentem
876 2634 897 2680 et
909 2634 992 2680 osteo
1003 2632 1054 2683 illie
1064 2649 1174 2701 noema

224 2696 331 2746 coercitus
344 2694 399 2742 ciere
416 2691 560 2740 eredebant.
578 2691 630 2740 visu
647 2692 713 2742 cede
728 2691 755 2740 in
771 2691 966 2753 desperationem
984 2696 1059 2745 versi.
1076 2704 1103 2749 et
1119 2701 1174 2750 Fle-

225 2758 311 2806 visnus
325 2753 447 2804 exercitus
460 2753 568 2804 immone
581 2759 702 2814 quantum
716 2753 797 2802 nnirno
811 2753 916 2804 exitium
930 2752 1044 2806 Valentis
1058 2763 1087 2808 ut
1100 2762 1173 2812 linem

225 2817 285 2868 belli
301 2815 401 2878 occepit.
423 2817 493 2864 uetus
512 2819 564 2864 eret
581 2813 673 2864 Veiens
691 2815 823 2878 Arrogniae,
840 2829 854 2864 e
871 2813 950 2864 uestri
964 2816 1071 2868 iemilie.
1086 2836 1174 2883 procax

224 2880 347 2942 moribus,
361 2891 442 2941 neque
457 2875 577 2925 absurdus
591 2875 703 2940 ingenio,
723 2877 815 2926 lumem
832 2891 863 2925 ur
894 2876 976 2926 nitetis
989 2892 1034 2940 per
1048 2882 1175 2938 lasciviam

225 2947 316 3007 petere.
336 2939 430 2990 ludicro
448 2937 605 2988 iuvenalium
623 2937 669 2986 sub
685 2939 786 2988 Nerone
806 2939 874 2987 velut
891 2953 920 2988 ex
938 2941 1100 3006 necessitate,
1120 2963 1175 2998 mox

224 3009 310 3069 sponte
325 3002 415 3052 mimos
429 3000 535 3050 ocfitevit
558 2999 617 3050 seito
630 3000 708 3063 magis
722 3015 796 3072 quem
828 3001 896 3050 roho.
914 3002 1010 3064 legatus
1026 3004 1135 3067 legionis
1152 3018 1174 3060 et

226 3069 285 3119 ierit
303 3063 451 3128 Verginium
464 3066 489 3113 et
501 3037 637 3135 infirmavit.
652 3059 785 3112 Fonteium
818 3062 942 3134 opilonern
955 3068 1119 3133 corruptum,
1133 3087 1173 3122 seu
1210 3057 1211 3132 J

225 3124 753 3241 quin“eorrumperrhefflflhvsffiursnterleeit.
765 3124 850 3176 (inibe
861 3125 981 3188 proditor,
992 3125 1099 3180 Vitellio
1111 3134 1173 3184 lidus

225 3206 239 3241 e
264 3205 369 3241 urorum
638 3221 645 3234 ·

255 3253 379 3302 LXHLA
397 3253 468 3313 rupis
483 3249 592 3312 undiwe
605 3263 648 3311 spe
662 3245 811 3298 Vitellianus
826 3245 898 3297 miles
911 3248 1064 3300 transiturus
1078 3253 1107 3304 in
1121 3272 1172 3320 pnr-
1210 3271 1211 3282 ¹

225 3320 269 3376 tes,
283 3314 309 3363 id
319 3326 417 3375 quoque
431 3325 482 3360 non
494 3313 547 3361 sine
561 3313 659 3375 decere,
671 3309 715 3360 sed
728 3311 773 3360 sub
787 3308 862 3373 siguis
875 3310 1019 3374 vexillisque
1035 3312 1064 3364 in
1079 3319 1173 3380 subier-
1210 3317 1211 3338 ¹

224 3380 262 3425 los
277 3374 375 3425 Norniae
388 3387 485 3434 compos
498 3374 654 3423 descendere.
670 3372 800 3422 Flavianus
815 3373 949 3446 exercitus²
965 3378 994 3423 ut
1006 3375 1040 3424 erl
1056 3382 1171 3439 praelium

223 3439 331 3486 intentus
344 3438 500 3495 ornatusque,
512 3433 594 3484 densis
607 3434 672 3483 eires
683 3433 750 3484 viem
763 3433 890 3484 ordinibus
901 3438 1024 3486 astiterat.
1038 3444 1136 3505 neeepti
1149 3445 1171 3494 in

223 3497 335 3556 medium
349 3485 478 3544 Vitelliani
485 3530 494 3556 ‚
504 3498 529 3543 et
542 3493 703 3545 circumdatos
717 3495 816 3546 Primus
829 3496 950 3546 Arrionius
961 3499 1103 3554 elementer
1116 3509 1173 3556 nuo

222 3560 314 3622 quitur.
330 3569 384 3620 pars
402 3555 508 3626 llomie,
526 3567 578 3617 pore
594 3556 723 3606 interamne
736 3558 854 3608 subsistere
865 3557 937 3620 iussi.
955 3559 1049 3612 relicte
1067 3564 1172 3618 simule

224 3619 361 3671 victricibus
375 3615 490 3678 legiones,
501 3629 581 3689 neque
591 3617 771 3677 quiescentibus
781 3633 867 3681 graves
878 3623 904 3670 et
916 3620 1032 3671 adversus
1044 3631 1173 3678 conmm-

221 3685 286 3732 einm
298 3680 392 3732 relide.
405 3691 455 3726 non
468 3691 571 3728 omisere
585 3690 629 3740 per
642 3693 684 3728 eos
694 3680 745 3728 dies
758 3679 855 3731 Primus
867 3695 896 3730 ee
909 3681 991 3733 vmu
998 3685 1099 3738 crebris
1111 3705 1172 3742 nun·
