2492 4080
215 281 266 335 bol
613 281 758 335 ructus.

216 395 327 472 peuple.
341 396 363 452 ll
378 411 415 452 ne
428 395 546 452 srrffisait
559 411 609 468 pas
621 395 748 469 d’opiner
760 411 796 452 en
807 411 863 468 peu
874 397 909 454 de
923 401 998 454 mols
1015 399 1125 456 derant
1138 397 1164 456 le

215 481 306 552 senet,
326 497 362 537 on
383 480 476 536 deruit
501 478 632 536 deiendre
652 479 693 536 les
715 481 834 536 motions
852 495 921 538 avec
942 481 1032 538 taient
1052 487 1085 538 el
1106 482 1164 539 dlo-

214 581 332 638 quenoe.
347 563 467 637 Attaque'
488 579 539 636 par
553 563 582 619 la
595 562 691 632 haine,
706 563 819 636 inculpat
835 579 887 636 par
904 564 953 620 des
973 569 1163 636 accusateurs,

215 665 251 705 on
271 648 363 705 devait
377 647 516 720 repondre
529 645 688 704 soi-meme.
703 649 754 704 Les
772 647 903 719 temoins,
917 648 1012 706 meme
1030 649 1105 706 dans
1124 649 1164 705 les

214 747 311 788 causes
321 731 478 805 publiques,
490 746 527 788 ne
540 731 699 804 pouraient,
711 747 747 788 en
756 747 803 788 cas
813 731 968 801 d'absence,
981 731 1104 804 deposer
1113 749 1160 806 pm

215 814 302 886 e'cm't3
317 814 352 870 ils
359 813 462 871 etaient
476 817 557 870 tenus
571 813 606 871 de
618 813 804 886 comparaitre
817 830 854 870 en
867 805 1005 887 personne
1019 820 1049 871 et
1063 816 1102 872 de
1117 815 1164 872 de'-

213 914 295 972 poser
310 898 346 955 de
365 899 429 954 rive
443 897 516 954 vois.
531 895 619 967 Xinsi,
633 913 704 970 pour
716 897 844 954 stimulor
857 897 898 954 les
911 901 1049 968 orateurs‚
1062 897 1094 955 la
1113 898 1163 955 nd·

214 981 310 1038 cessitd
329 979 471 1054 s’ejoutaIt
488 993 589 1036 encore
612 994 668 1035 aux
687 978 893 1052 recompensem
913 979 935 1035 il
956 979 1024 1036 etait
1044 979 1121 1036 beau
1137 985 1164 1038 et

214 1064 342 1136 glorieux
354 1064 389 1120 de
404 1077 498 1136 passer
509 1078 580 1135 pour
595 1078 634 1118 un
649 1061 765 1120 homme
777 1061 872 1133 disent,
885 1066 914 1120 et
927 1079 981 1136 par
992 1063 1053 1120 cela
1067 1063 1164 1122 meme

214 1147 363 1204 ildirissant
377 1146 463 1203 d'dtre
476 1150 543 1202 tenu
558 1162 629 1218 pour
639 1150 718 1203 muet
726 1151 755 1203 et
767 1145 913 1220 incapable
924 1147 958 1202 de
971 1147 1078 1220 parler.
1090 1147 1164 1205 L'ai·

213 1229 319 1300 giulion
333 1230 368 1287 de
384 1229 413 1286 la
430 1228 517 1285 bonte
530 1227 626 1285 n'dtait
643 1243 693 1302 pes
712 1229 805 1286 moins
818 1229 943 1302 puissant
960 1245 1015 1302 quc
1035 1230 1114 1287 celui
1130 1231 1164 1288 de

213 1310 349 1383 l'iutdret3
364 1327 413 1370 car
431 1327 470 1369 on
487 1309 627 1368 redoutait
649 1310 736 1368 d'elre
755 1310 864 1384 compte
885 1313 979 1384 parmi
998 1312 1041 1370 les
1064 1313 1164 1370 clients

149 1427 155 1440 ·
213 1394 304 1468 plutdt
314 1411 371 1469 que
382 1394 476 1468 parmi
484 1393 525 1450 les
533 1397 659 1467 patrous,
672 1394 707 1452 de
720 1395 818 1452 laisser
831 1394 860 1452 le
870 1393 998 1451 clientde
1012 1396 1163 1452 transmise

214 1494 266 1550 par
276 1478 317 1534 les
331 1477 414 1535 eieux
427 1492 521 1550 passer
534 1474 552 1532 i
565 1475 698 1547 d'autres,
710 1477 745 1534 de
756 1491 786 1533 se
800 1475 871 1534 faire
881 1475 992 1534 excluse
1006 1477 1057 1534 des
1071 1477 1162 1552 digni·

214 1561 255 1619 tes
268 1578 340 1635 pour
351 1575 434 1618 cause
445 1559 480 1617 de
491 1575 601 1632 paresse
613 1576 650 1617 ou
659 1559 852 1634 d'incapacitd,
862 1557 1004 1631 ou‚enles
1013 1560 1161 1631 obtenant,

214 1644 298 1701 dene
311 1644 429 1717 pouroir
443 1645 502 1701 s'en
515 1644 660 1716 arquitter.

249 1727 399 1784 XXXVII.»
420 1727 451 1782 le
470 1741 507 1782 ue
523 1726 578 1782 sais
592 1725 615 1782 si
635 1736 705 1783 vous
717 1741 785 1782 aves
803 1741 840 1783 eu
859 1729 939 1784 entre
952 1726 994 1783 les
1008 1729 1105 1786 maius
1116 1745 1162 1787 ces

214 1809 298 1868 aeriis
311 1825 366 1884 que
380 1807 439 1864 l'on
450 1811 549 1864 trouve
562 1823 662 1866 encore
672 1807 742 1865 dans
754 1808 794 1866 les
806 1807 1010 1884 bibliothbques
1020 1809 1071 1866 des
1085 1826 1162 1868 ema·

214 1895 291 1948 teurs
305 1891 340 1946 de
358 1888 527 1963 l’entiquite,
543 1894 571 1947 et
588 1905 645 1963 que
658 1890 767 1947 liricien
781 1890 911 1948 recueille
924 1906 962 1947 en
976 1907 1008 1948 ce
1021 1898 1159 1950 moment

214 1973 284 2048 deb
295 1972 400 2043 meme,
413 1972 444 2046 je
456 1974 539 2044 crois,
553 1989 622 2030 onae
632 1973 716 2031 liures
728 1974 829 2032 d'actes
842 1977 870 2032 et
883 1975 952 2032 uois
962 1974 1050 2033 liures
1064 1975 1100 2033 de
1110 1976 1162 2035 let-

214 2061 272 2115 tres
283 2061 333 2114 ont
345 2055 390 2114 dte
402 2053 570 2114 ressemblds
584 2061 613 2112 et
626 2056 743 2130 palues.
758 2057 801 2116 On
814 2074 833 2130 y
845 2057 904 2115 voit
915 2071 973 2130 que
986 2057 1017 2114 C.
1040 2060 1164 2134 Pompde

215 2146 243 2199 et
255 2141 292 2198 Μ’.
308 2141 423 2197 Crassus
436 2139 531 2196 iurent
543 2139 693 2212 puissents,
706 2139 933 2198 non-seulement
945 2155 999 2213 par
1016 2141 1082 2198 leur
1095 2159 1164 2202 cou-

214 2241 284 2299 rage
298 2227 326 2282 et
338 2224 413 2282 leurs
427 2238 532 2293 armes,
547 2223 618 2280 mais
632 2238 683 2296 par
695 2221 759 2280 leur
771 2224 856 2297 esprit
868 2228 897 2280 et
910 2223 976 2282 leur
988 2223 1163 2300 eloquence3

215 2325 269 2384 que
281 2307 323 2366 les
342 2306 485 2378 Lentulus,
504 2306 546 2365 les
566 2305 703 2378 ble'tellus,
723 2306 766 2364 les
786 2305 928 2378 Lucullus,
945 2306 987 2364 les
1002 2307 1123 2382 (lurion,
1138 2316 1166 2369 et

214 2521 317 2583 mirum,
330 2531 409 2580 quum
421 2517 497 2568 etiam
507 2514 577 2567 insiti
587 2517 618 2566 ad
631 2519 752 2580 populum
765 2516 969 2590 producerentur,
978 2529 1060 2580 quum
1071 2533 1166 2592 parum

215 2587 277 2634 esset
285 2581 312 2630 in
324 2585 411 2630 senatu
428 2579 535 2629 breviter
549 2592 658 2642 censere,
671 2578 719 2628 nisi
734 2592 788 2640 qurs
800 2576 900 2651 ingenio
915 2583 939 2627 et
952 2579 1097 2651 eloquentia
1110 2597 1166 2632 sen·

161 2685 166 2696 .
216 2645 318 2695 tentiam
331 2656 401 2692 suem
412 2644 532 2705 tueretur,
543 2655 620 2704 quum
633 2641 661 2689 in
670 2640 907 2707 eliquaminrrdiaur
917 2643 959 2689 aut
973 2653 1073 2692 oramen
1084 2647 1165 2694 vocati

214 2721 261 2756 suo
272 2718 330 2754 voce
345 2704 543 2764 respondendum
560 2704 692 2767 baberent,
708 2717 787 2765 quum
800 2701 936 2752 testimonia
953 2716 1054 2764 quoque
1073 2705 1100 2754 in
1118 2721 1163 2769 pu·

215 2766 285 2818 blicis
295 2764 395 2828 judiciis
406 2780 457 2814 non
469 2765 581 2815 absentes
594 2779 639 2814 neo
664 2779 691 2816 er
702 2766 820 2814 tabellam
832 2765 900 2828 dere,
915 2763 959 2812 sed
968 2777 1054 2814 eornm
1064 2770 1092 2816 et
1101 2783 1166 2830 prae·

215 2834 294 2880 sentes
307 2826 389 2876 dicere
401 2832 555 2889 cogerentur.
576 2826 637 2876 itae
669 2839 768 2877 summa
783 2825 931 2888 eloquentie
964 2827 1052 2876 raemia
1072 2843 1165 2894 magna

214 2892 290 2942 etiam
309 2886 437 2938 necessitas
450 2888 591 2949 accedebat3
606 2891 633 2936 et
647 2889 769 2950 quomodo
787 2888 906 2937 disertum
923 2839 1010 2938 hulieni
1027 2891 1165 2951 pulchrum

213 2958 239 3004 at
251 2951 395 3017 gloriosum,
409 2950 444 2999 sic
461 2953 546 3000 contre
565 2952 663 3005 mutum
676 2955 701 3000 et
718 2950 844 3014 elinguem
857 2949 936 2999 videri
954 2951 1070 3000 deforme
1089 2955 1165 3006 habe-

214 3016 296 3066 batur.
317 3013 381 3077 Ergo
402 3027 452 3063 non
474 3012 558 3064 minus
576 3011 665 3061 rubore
686 3026 760 3075 quum
781 3011 890 3072 praemiis
907 3011 1115 3080 stimulabantur,
1134 3033 1165 3068 ne

214 3079 386 3128 clientelarum
405 3075 459 3124 loco
476 3074 560 3139 potius
574 3087 649 3136 quem
663 3077 823 3135 patronorum
837 3078 1039 3138 numerarentur,
1063 3090 1098 3127 na
1116 3083 1166 3130 tra-

213 3141 269 3191 ‹litae
290 3153 305 3189 a
328 3137 462 3199 majoribus
484 3135 673 3187 necessitudines
696 3137 726 3186 ad
745 3136 806 3186 alios
825 3136 966 3199 transirent,
988 3151 1021 3186 ne
1041 3141 1165 3202 uuquam

214 3205 304 3252 inertes
320 3203 345 3248 et
357 3214 407 3249 non
421 3199 549 3249 suffecturi
560 3197 696 3248 honoribus
711 3201 755 3248 eut
772 3211 823 3247 non
839 3197 1002 3260 impetrarent
1019 3204 1067 3249 aut
1084 3201 1165 3266 irnpe-

213 3268 290 3314 tmtos
303 3263 368 3310 male
382 3265 520 3311 tuerentur.

244 3323 369 3375 XXXVII.
384 3337 398 3370 u
413 3323 499 3372 Nescio
510 3337 541 3372 an
553 3319 664 3372 venerint
675 3321 703 3370 in
716 3334 804 3372 manus
820 3323 911 3371 vestras
923 3323 978 3371 lraec
998 3325 1083 3372 vetera
1108 3339 1166 3388 quae

213 3395 239 3440 et
250 3388 278 3437 in
296 3383 489 3447 antiquariorum
506 3384 659 3433 bibliothecis
679 3383 759 3433 adhuc
777 3387 881 3433 manent
897 3387 922 3434 et
939 3398 998 3434 cum
1018 3361 1133 3439 maxime
1151 3405 1167 3440 a

213 3450 328 3504 Muciano
337 3447 525 3510 contrabuntur,
536 3459 564 3495 ac
573 3445 628 3506 iam
639 3445 764 3509 undecim,
775 3449 803 3494 nt
811 3446 908 3510 opinor,
922 3447 1043 3496 Actorum
1053 3448 1130 3500 libris
1143 3457 1168 3502 et

213 3515 292 3565 tribus
313 3509 476 3572 Epistularum
499 3507 634 3570 composita
647 3511 672 3557 et
693 3507 759 3558 edita
779 3513 844 3556 suist.
863 3522 892 3558 ex
910 3507 941 3558 iis
958 3507 1066 3572 intelligi
1083 3518 1167 3574 potest

213 3575 318 3628 lineium
326 3571 472 3635 Pompeium
483 3574 509 3619 et
520 3571 632 3621 Marcum
645 3570 760 3620 Crassum
772 3583 823 3618 non
835 3569 930 3620 viribus
942 3571 1016 3620 modo
1031 3575 1057 3620 et
1076 3577 1165 3639 armis,

212 3640 254 3691 sed
268 3636 367 3696 inuenio
378 3647 474 3708 quoque
488 3638 512 3682 et
523 3632 633 3682 oratione
646 3632 764 3692 veluisse3
779 3630 895 3682 Lentulos
907 3636 931 3682 et
944 3633 1059 3682 Metellos
1072 3639 1100 3685 et
1115 3639 1166 3688 Lu

122 3713 124 3720 '
212 3703 290 3753 eullos
303 3701 328 3749 et
338 3699 457 3748 Curiones
471 3700 495 3746 et
509 3698 617 3746 ceterum
633 3707 762 3757 procorum
775 3707 878 3744 manum
894 3693 1001 3745 multum
1014 3694 1041 3745 iu
1057 3697 1100 3748 bis
1114 3705 1165 3750 stu·
