2524 4088
283 313 478 366 uitiosus
496 311 567 364 SUR
586 311 652 363 LES
669 311 882 364 ouluuuus.
1005 311 1057 365 tte

107 430 211 489 besciu
226 431 353 505 d’esprit,
374 429 446 486 mois
461 427 495 486 de
513 427 649 486 mdmoire
668 432 695 486 et
715 427 749 486 de
762 427 897 504 quelques
911 428 1006 486 efforts
1020 426 1055 484 de

110 515 256 586 souvenir,
277 531 348 588 pour
364 515 509 586 rapporter
527 511 566 569 les
584 511 697 586 penades
721 511 864 583 delicatos,
887 513 927 570 les
947 511 1055 586 paroles

110 613 213 670 graves
223 598 257 654 de
266 595 665 670 cespersounagesdminents,
681 595 729 668 qui
738 595 964 668 exposaieutl’uu
974 593 1055 668 apris

108 677 213 736 l'autre
234 679 284 735 des
302 678 441 752 opinions,
462 676 550 734 lentot
573 675 740 748 differentes,
760 677 851 734 tantdt
873 677 1054 746 semblables,

109 762 186 818 mais
204 760 328 834 touJ'ours
349 759 512 834 plausibles,
536 759 646 817 chacun
664 775 732 817 avec
752 759 781 816 la
798 764 934 817 tournure
954 759 1056 817 deson

109 845 210 916 esprit,
223 848 251 900 et
265 844 375 900 suivant
388 859 438 899 son
452 841 601 899 caractere.
615 843 646 898 le
660 843 720 899 vais
733 841 893 914 reproduire
907 846 950 898 cet
964 847 1056 898 entre-

111 927 172 982 tieu
185 941 254 983 avec
272 926 312 982 les
327 925 433 981 memes
447 924 699 997 developpemcuts‚
716 923 745 980 la
764 924 858 980 meme
876 927 1056 997 maturante-

109 1008 183 1078 tion,
197 1011 225 1063 et
239 1007 307 1064 dans
320 1005 421 1064 l’ordre
436 1005 473 1062 du
488 1005 584 1077 dehat;
604 1021 653 1063 car
666 1005 688 1062 il
702 1021 738 1062 ne
755 1020 879 1078 manqua
892 1007 970 1078 point
983 1003 1055 1062 d’iu·

110 1091 296 1148 terlocuteurs
310 1091 372 1163 qui,
388 1093 534 1145 soutenant
549 1103 604 1144 unc
618 1087 695 1146 thtse
708 1087 844 1145 contraire
860 1087 890 1164 [d
903 1105 932 1145 ce
945 1088 1057 1160 quassi

111 1173 155 1230 dit
165 1175 230 1244 plus
243 1171 331 1246 hout],
345 1171 483 1229 medicant
499 1169 547 1228 des
557 1171 640 1228 viena
649 1175 750 1245 temps,
766 1171 824 1228 s'en
837 1169 1014 1246 monuerant,
1028 1174 1056 1228 et

110 1255 254 1330 placerent
266 1255 307 1314 les
326 1259 438 1312 auteurs
454 1255 680 1328 'contemporuius
700 1255 846 1312 audessus
862 1255 911 1312 des
928 1253 1057 1312 hommes

112 1339 149 1396 de
163 1339 243 1412 genie
257 1334 471 1412 del'antiq'uitd.
518 1353 521 1364 ’
706 1345 709 1354 “

149 1421 182 1476 ll.
198 1421 335 1476 Curiatius
348 1421 488 1477 Μείεεηεε
496 1420 591 1478 venuit
599 1418 634 1478 de
646 1419 806 1478 rdeiterson
816 1419 901 1477 Colca
912 1436 923 1477 .·
936 1421 957 1478 il
970 1421 1055 1493 avait,

112 1504 254 1573 disaiton,
269 1505 340 1561 daus
353 1506 424 1560 cette
434 1501 568 1577 tragedia,
583 1503 689 1560 offense
702 1502 750 1560 des
763 1502 892 1562 hommes
907 1505 1056 1578 puissants,

113 1601 150 1644 en
160 1587 307 1645 s'oubliant
316 1585 464 1644 lui-meme
472 1603 543 1660 pour
551 1602 652 1661 penser
660 1602 769 1644 mmme
781 1603 831 1644 son
838 1586 929 1644 heros.
941 1589 984 1644 011
992 1603 1057 1662 par-

113 1669 165 1752 lait
176 1671 319 1743 beaucoup
333 1668 368 1725 de
382 1673 452 1726 cette
465 1669 563 1727 affaire
583 1669 652 1726 dans
671 1669 700 1725 la
718 1669 795 1738 ville,
808 1671 836 1726 et
853 1670 881 1725 le
900 1670 1056 1728 leudemain

114 1751 208 1807 meme
222 1751 256 1808 da
273 1750 302 1808 la
321 1752 437 1820 lecture,
452 1751 473 1807 il
491 1750 535 1806 lut
552 1751 633 1808 uisite
652 1765 704 1823 pur
721 1751 757 1808 bl.
769 1753 850 1825 ‘Aper
864 1756 891 1808 ct
911 1752 998 1809 Julius
1011 1752 1058 1811 Sd-

114 1835 230 1905 cundus,
242 1834 291 1908 qui
299 1835 402 1890 e'taient
409 1834 485 1890 alors
496 1831 538 1890 les
553 1832 627 1892 deux
635 1833 779 1890 cildbritds
792 1834 827 1891 de
838 1837 1055 1893 notrebarrcau.

114 1916 238 1986 Quanti
256 1917 322 1987 moi,
340 1916 369 1990 Je
388 1916 488 1974 n'dtais
507 1931 557 1990 pas
574 1917 728 1974 seulement
746 1915 894 1974 l'auditeur
913 1918 1005 1976 assidu
1024 1918 1058 1976 de

114 1999 191 2056 leurs
201 1998 367 2074 plaidoyers,
378 2001 450 2056 mais
457 2000 486 2072 je
495 1999 537 2056 lcs
545 2000 649 2056 visitais
663 1999 729 2056 chen
738 2011 802 2071 eux,
814 1999 844 2072 je
858 1999 899 2058 les
912 2000 1058 2058 suiuaisen

114 2082 220 2156 public.
237 2081 371 2138 Eutraine
385 2097 436 2155 par
444 2097 501 2138 une
509 2083 573 2138 rive
582 2083 692 2154 passion
700 2082 882 2156 pourl'etude
894 2088 922 2141 et
935 2083 1059 2158 purl’er-

114 2165 185 2222 deur
192 2163 226 2220 de
235 2164 264 2220 la
272 2164 410 2237 jeunesse,
419 2163 448 2234 je
456 2163 612 2220 recueillais
622 2165 698 2220 leurs
708 2165 1059 2238 moindrcsparoles,leu1s

46 2271 50 2277 ·
114 2246 290 2317 discussions,
310 2246 351 2302 les
370 2249 471 2303 secrets
489 2243 525 2302 de
542 2246 617 2302 leurs
635 2249 839 2303 conversations
855 2246 1058 2320 porticalibus,

115 2330 237 2404 quoique
246 2330 274 2386 la
286 2328 481 2385 malueillance
495 2329 607 2385 accustt
619 2328 761 2386 Sdcundus
775 2329 810 2386 de
824 2329 931 2386 n'avoir
943 2330 1022 2403 point
1030 2329 1058 2389 la

115 2412 211 2486 parole
230 2411 325 2482 tacite,
345 2414 373 2468 et
386 2413 459 2484 Aper
473 2409 508 2467 de
521 2407 602 2468 s'ttre
615 2409 668 2468 iaii
680 2427 737 2468 une
748 2410 907 2486 reputauon
918 2412 1059 2471 d'oreteur

116 2619 197 2660 sermo
208 2607 355 2669 repetendus
366 2610 439 2670 osset,
450 2620 511 2670 quos
525 2605 627 2658 eandem
638 2605 702 2656 hane
716 2605 875 2668 questionem
884 2605 1060 2669 pertractantes

114 2669 213 2733 juvenis
226 2671 359 2720 admodum
373 2669 465 2722 audivi.
480 2670 514 2718 ita
528 2683 577 2718 uon
596 2667 704 2731 ingenio,
718 2668 762 2716 sed
775 2666 896 2718 memoria
910 2671 935 2718 et
947 2670 1060 2719 recorda·

116 2732 184 2782 tione
196 2746 257 2793 opus
270 2735 314 2794 est,
325 2733 354 2780 ut
368 2743 423 2792 quae
439 2745 454 2779 a
466 2729 673 2792 praestantissimis
688 2728 746 2778 viris
757 2731 782 2779 et
795 2729 929 2792 excogitata
940 2731 1060 2782 subtiliter

116 2795 142 2844 et
153 2792 219 2842 dicta
230 2793 333 2854 graviter
347 2792 438 2854 accepi,
451 2805 529 2852 quum
540 2790 631 2854 singuli
642 2791 749 2840 diversas
760 2793 809 2852 [vel
821 2793 939 2855 easdem1,
951 2793 994 2842 sed
1005 2807 1061 2856 pro·

116 2853 211 2903 habiles
225 2868 307 2903 causas
318 2855 441 2917 afferrent,
452 2855 512 2902 dum
524 2851 629 2902 ior-mum
641 2853 680 2902 sui
692 2853 794 2915 quisque
808 2857 832 2904 el
843 2853 920 2903 animi
930 2857 955 2903 et
966 2855 1061 2917 ingenii

117 2917 232 2966 redderet
236 2953 244 2989 ,
257 2916 346 2964 iisdem
358 2929 425 2964 nurse
436 2915 545 2966 numeris
558 2913 693 2976 iisdemque
709 2915 841 2965 rationibus
855 2929 996 2980 persequar,
1009 2931 1060 2966 set·-

117 2981 173 3026 vato
191 2979 275 3027 ordine
291 2975 468 3038 disputationis.
489 2976 653 3038 nequeenim
671 2975 750 3026 deluit
769 2977 811 3038 qui
826 2976 946 3026 diversam
962 2991 1059 3040 quoque

117 3041 214 3102 partem
232 3039 377 3100 susciperet,
392 3051 420 3086 ec
432 3039 540 3086 multum
555 3041 640 3088 vexata
653 3041 678 3088 et
690 3038 762 3087 irrisa
774 3041 906 3102 vetustate,
919 3041 1061 3090 nostrorum

117 3105 260 3161 temporum
274 3099 439 3161 eloquentiam
450 3099 608 3160 antiquorum
621 3099 725 3160 ingeniis
736 3101 878 3148 autelemet.

150 3161 183 3210 11.
200 3161 263 3210 Nom
277 3166 398 3222 postremo
413 3159 453 3208 die
465 3174 540 3220 quam
553 3160 677 3210 Curiatius
691 3161 817 3209 Maternus
830 3159 933 3210 Catonem
944 3160 1062 3214 malava-

116 3227 166 3285 rat,
180 3237 256 3284 quum
267 3222 394 3272 offendisse
407 3221 543 3293 potentium
554 3221 648 3270 animos
660 3221 790 3284 diceretur,
807 3225 922 3282 tauquam
932 3221 959 3272 in
970 3237 999 3274 eo
1010 3227 1061 3274 tra·

116 3284 207 3350 goediae
222 3287 367 3346 argumento
381 3297 420 3332 sur
436 3281 525 3332 oblitus
536 3285 632 3332 tautum
647 3282 765 3332 Catonem
781 3283 924 3348 cogitasset,
939 3298 952 3334 e
1001 3287 1061 3338 ede

117 3361 147 3396 re
164 3359 208 3408 pcc
225 3345 315 3396 Urbem
330 3347 445 3408 trequcors
457 3358 537 3394 sermo
550 3344 692 3407 baberetur,
710 3350 830 3394 uenerunt
847 3347 949 3396 adeum
992 3361 1061 3398 arcus

117 3410 185 3470 Aper
198 3409 224 3456 et
239 3407 319 3456 Julius
332 3407 472 3471 Secundus,
485 3405 647 3456 celeberrima
659 3409 712 3456 tum
725 3406 750 3455 in
781 3406 883 3456 uiatori
896 3408 985 3472 nostri,
1000 3424 1061 3471 quos

118 3483 165 3531 ego
176 3468 203 3516 in
212 3467 312 3529 jndiniis
324 3483 374 3516 non
387 3474 506 3531 utrosque
517 3468 589 3518 modo
600 3467 706 3518 studiose
718 3482 749 3518 au
767 3468 857 3532 iebam,
869 3471 911 3518 sed
924 3470 991 3520 domi
1003 3483 1062 3532 quo

118 3544 169 3592 que
183 3532 208 3579 et
223 3531 250 3579 in
266 3529 365 3592 publico
381 3532 517 3580 associabat·
532 3529 596 3579 mira
612 3530 749 3588 studiorum
766 3531 897 3593 cupiditate
913 3533 938 3580 et
956 3533 1061 3593 quodum

118 3591 209 3642 ardore
219 3591 334 3664 iuvenili,
348 3594 375 3641 ut
388 3591 482 3642 tabulas
496 3605 594 3654 quoque
606 3605 692 3642 eorum
705 3595 731 3642 ct
744 3592 919 3655 disputationes
934 3595 959 3641 et
972 3605 1062 3644 arentia

119 3656 220 3703 semotas
233 3653 346 3703 dictionis
362 3653 459 3714 penitus
473 3655 623 3717 exciperem,
637 3654 747 3716 quamvis
759 3653 868 3717 maligne
887 3652 997 3715 plamone
1011 3654 1061 3717 opi·

120 3716 240 3764 narentur
253 3728 298 3766 uec
310 3715 422 3766 Secundo
434 3720 574 3778 promptum
588 3728 639 3766 esse
652 3729 805 3778 sermonem,
818 3717 843 3764 et
857 3715 950 3776 Aprum
965 3715 1061 3780 ingenio
