2492 4080
270 258 460 311 DIALOGUE
478 259 543 310 stin
564 258 630 310 LES
648 255 861 309 ORATEURS.
991 255 1038 306 tri

92 373 122 428 le
136 377 376 432 commencement
389 375 424 430 de
436 389 484 430 ma
497 373 667 446 reputation,
678 371 801 444 lorsque,
810 386 863 444 par
875 373 904 429 la
916 371 1038 443 tragedie

93 454 131 510 de
145 455 247 526 Nicon,
261 457 290 528 je
304 472 350 514 me
363 456 421 512 suis
433 455 546 528 altaque
559 455 576 512 d
591 471 623 512 ce
636 454 736 512 maitre
754 469 866 526 pervers
880 455 928 527 qui
945 453 1038 527 proia-

93 538 156 592 nait
176 537 279 596 l’etude
296 539 364 595 d'un
381 542 424 596 art
446 539 532 596 sacre.
552 536 753 610 Aujourd'hui,
777 537 887 592 simon
909 552 976 594 nom
999 539 1038 592 est

92 635 199 704 (nunu,
213 625 241 678 et
254 621 297 680 s’il
311 626 409 680 trouve
423 623 543 694 quelque
555 621 652 689 credit,
664 617 727 692 j'en,
737 620 794 676 suis
806 620 963 689 redevable,
970 620 999 692 J'e
1012 619 1039 676 le

92 719 191 776 pense,
204 703 222 761 d
234 719 295 762 mes
307 721 369 762 vers
386 703 477 778 plutdt
490 703 554 776 qu'd
573 719 632 760 mes
648 703 779 760 discours.
796 702 827 758 le
844 703 903 760 suis
914 701 1039 782 deeiddd

92 785 200 858 quitter
213 787 240 843 le
254 788 353 843 travail
367 788 407 847 du
419 789 540 844 barreau
549 805 558 856 ;
577 801 610 842 ce
627 782 737 854 eortegc
758 782 829 840 dont,
848 799 915 840 vous
933 784 1039 857 parler,

91 883 141 924 ces
155 870 279 926 ovations
292 871 450 944 publiques,
461 885 505 926 ces
517 868 609 925 visItes
624 867 815 935 nombreuses,
825 879 861 920 ue
874 881 921 921 mc
934 865 1040 921 tentent

92 965 146 1022 pas
158 949 222 1021 plus
235 967 289 1024 quc
304 967 349 1008 ces
362 951 478 1007 bronaes
493 953 521 1006 et
533 965 577 1006 ces
591 948 698 1019 images
712 946 772 1018 qui,
787 944 896 1015 matgre'
909 945 978 1013 moi,
991 947 1040 1000 ont

92 1031 200 1088 euvahi
213 1049 260 1090 ma
273 1035 392 1090 maisou.
409 1029 568 1104 h'intdgritd
581 1032 615 1088 de
631 1031 660 1088 la
678 1029 723 1084 vie
742 1030 785 1086 est
800 1041 870 1100 pour
887 1027 916 1083 la
930 1027 1040 1084 fortune

92 1117 124 1170 ct
137 1115 164 1172 le
177 1131 257 1188 repos
270 1131 328 1174 une
341 1115 512 1186 sauvegarde
525 1117 586 1170 tout
605 1113 679 1170 aussi
697 1110 761 1168 sdre
779 1125 834 1183 que
850 1107 1038 1182 l’dloquence3

92 1201 124 1254 et
134 1199 164 1272 je
176 1215 213 1256 ne
226 1200 318 1257 orama
330 1201 408 1272 point
420 1200 526 1257 d’evoir
538 1197 641 1271 jamnis
655 1194 672 1254 it
684 1195 779 1269 parler
793 1194 863 1252 dans
876 1194 904 1250 le
918 1193 1008 1264 senat,
1017 1194 1041 1250 si

93 1295 128 1336 ce
142 1281 214 1338 n'est
226 1298 297 1355 pour
309 1283 350 1339 les
363 1283 482 1355 dangers
497 1282 563 1338 d'un
578 1281 668 1336 autre.

132 1365 187 1420 Xll.
203 1384 219 1420 n
239 1365 360 1434 Quanta
373 1365 492 1428 cesbois
512 1367 541 1419 et
558 1361 658 1418 dcette
678 1357 793 1417 solitudo
816 1362 910 1416 contre
922 1359 1042 1431 lesquels

93 1449 171 1520 Aper
188 1448 368 1520 s’emportait,
379 1448 421 1521 ¹J'y
438 1449 537 1504 trouve
555 1459 611 1501 une
634 1441 740 1514 grande
757 1442 892 1511 douceur3
912 1443 951 1510 et,
965 1441 1041 1498 selon

94 1530 167 1598 moi,
180 1529 247 1586 l'uu
260 1531 307 1586 des
321 1530 384 1603 plus
401 1528 504 1600 munds
523 1530 674 1596 avantages
688 1525 722 1580 dc
739 1523 769 1580 la
791 1522 895 1596 poesie,
910 1521 977 1586 o'est
989 1537 1042 1595 que

94 1612 156 1670 l’on
170 1613 240 1670 tasse
254 1614 302 1670 des
315 1629 378 1670 vers
390 1612 451 1673 loin
464 1610 503 1667 du
516 1610 603 1678 broit,
617 1608 677 1664 loiu
690 1607 738 1665 des
748 1606 853 1663 tarmes
866 1609 893 1662 et
914 1605 962 1661 des
975 1605 1044 1662 dou-

95 1697 174 1752 leurs
198 1696 245 1753 des
267 1695 390 1766 accuses,
405 1696 433 1750 et
446 1709 510 1750 sans
524 1691 612 1766 qu’uu
627 1689 755 1763 plaideur
776 1689 828 1746 soit
848 1685 948 1744 assiri
965 1690 1043 1742 voire

96 1780 185 1850 porte.
201 1777 304 1848 L'dme,
318 1795 355 1836 au
370 1775 520 1844 contraire,
534 1773 628 1830 s'exile
646 1773 716 1829 dans
731 1771 778 1828 des
796 1771 873 1828 lieux
892 1769 996 1826 calmes
1016 1772 1044 1826 et

96 1877 178 1934 purs,
192 1864 220 1917 at
230 1861 304 1932 jouit
322 1863 370 1918 des
387 1859 532 1932 demevnes
545 1855 660 1913 sacre'es.
677 1855 748 1912 C’est
768 1852 797 1916 lia
819 1852 846 1910 le
872 1853 992 1909 berceau
1009 1852 1044 1910 de

96 1945 282 2017 l'eloquenoe‚
296 1945 362 2004 c'est
372 1943 401 2001 li
414 1959 464 2000 son
478 1941 643 2000 sauctuaire.
660 1938 730 1994 C'est
744 1953 780 1992 en
793 1934 924 2006 revetant
932 1935 973 1992 les
988 1934 1044 1990 ior-

97 2043 161 2086 mes
174 2028 208 2084 de
223 2028 253 2085 la
274 2028 367 2102 poesie
381 2026 481 2100 qu’elle
503 2041 532 2082 se
553 2023 682 2098 precenta
696 2021 811 2078 d'abord
830 2036 886 2076 aux
904 2018 1044 2090 hommes,

98 2111 240 2184 qu'ellcec
248 2112 332 2184 glissa
346 2111 414 2167 dans
426 2125 472 2166 ces
487 2108 564 2164 times
578 2107 687 2164 chastes
700 2119 754 2177 que
767 2103 808 2160 ies
818 2103 892 2160 vires
905 2103 1045 2158 n'avaient

99 2211 152 2268 pas
166 2211 264 2252 encore
277 2194 414 2252 souilldes.
430 2191 526 2249 c’e'tait
538 2192 567 2248 la
580 2192 684 2260 langue
704 2189 751 2266 des
764 2186 887 2256 oraclcs3
903 2200 950 2240 car
961 2185 989 2258 je
1009 2201 1045 2240 ne

99 2277 181 2350 parte
196 2279 275 2350 point
287 2277 322 2335 de
339 2279 409 2334 cette
428 2273 578 2347 eloquence
596 2269 743 2344 ²cupideet
766 2265 954 2338 sauguinaire,
972 2263 1046 2320 sseau

101 2360 137 2416 de
150 2375 201 2418 nos
212 2362 300 2434 jours,
314 2359 367 2416 nde
389 2358 424 2415 de
446 2353 734 2431 notradc'pravatioa,
750 2353 780 2406 et
798 2349 866 2405 dont
886 2363 923 2406 ou
943 2362 971 2403 se
990 2351 1046 2410 sert

1 2469 2 2472 ¹
102 2457 213 2500 comme
222 2442 305 2499 d'une
314 2456 405 2511 arme,
414 2439 485 2496 ainsi
499 2451 553 2510 que
564 2450 633 2492 vous
645 2434 672 2490 lc
686 2432 769 2489 disier
781 2426 970 2498 vous-meme,
979 2444 1044 2492 mon

104 2613 243 2676 goediamm
256 2615 281 2662 et
302 2609 397 2674 ingredi
410 2610 501 2658 tamam
519 2605 657 2666 auspicatus
674 2613 740 2664 sum,
756 2609 833 2661 quum
851 2597 950 2660 quidem
961 2595 988 2645 in
1003 2597 1044 2647 Ne.

103 2689 158 2727 rone
169 2674 307 2736 improbam
329 2677 354 2722 et
371 2672 506 2722 studiorum
521 2679 619 2728 quoque
637 2677 706 2713 sacru
723 2662 893 2724 profanantem
906 2659 1045 2718 [vaticinii]

104 2737 241 2801 potentiam
256 2735 327 2797 fregi,
346 2738 371 2783 et
386 2732 471 2795 hodie,
485 2730 506 2779 si
519 2728 578 2790 quid
591 2728 618 2775 in
635 2725 704 2774 uobis
722 2722 814 2772 novitiae
833 2735 861 2772 ac
879 2721 985 2770 nominis
1003 2725 1046 2784 est,

105 2799 185 2861 magis
195 2797 302 2847 arbitror
312 2796 450 2845 carminum
462 2805 538 2856 quam
549 2788 686 2839 orationum
697 2784 775 2849 gloria
783 2787 891 2856 ‘partum
904 2797 932 2832 uc
942 2783 994 2844 jam
1007 2795 1047 2832 me

106 2861 237 2922 sejungere
251 2873 266 2907 a
279 2857 368 2908 forensi
386 2859 470 2906 labore
480 2851 609 2914 constitui,
623 2862 668 2899 nec
682 2847 810 2897 comitatus
824 2849 883 2896 istos
898 2848 923 2894 et
935 2857 1046 2907 egressus

106 2926 152 2972 urit
171 2921 334 2983 frequentiam
347 2918 521 2984 salutationum
533 2911 701 2974 'concupisces
711 2920 762 2958 non
777 2907 855 2980 magis
873 2920 947 2968 quam
961 2919 1011 2956 aera
1024 2907 1048 2954 ct

107 2984 236 3047 imagines,
249 2995 304 3044 quae
316 2981 389 3030 etiarn
401 2993 441 3030 me
458 2978 557 3027 nolente
578 2975 605 3023 in
619 2976 720 3023 domum
732 2983 814 3020 meam
825 2971 975 3028 irrupemnt.
990 2980 1047 3014 nam

106 3051 197 3096 statum
209 3043 328 3105 cujusquo
341 3056 370 3090 ac
382 3041 536 3090 securitatem
554 3035 643 3085 meiius
662 3032 800 3082 innocentia
812 3033 897 3100 tuetur
909 3041 983 3099 quam
998 3029 1048 3076 elo·

107 3109 228 3171 quentia3
245 3119 291 3156 neo
303 3116 390 3154 vereor
403 3116 434 3150 ne
447 3100 510 3149 mihi
523 3110 633 3160 unquam
644 3095 719 3144 verba
731 3094 757 3143 iu
772 3091 859 3140 senatu
874 3103 921 3138 nisi
934 3101 979 3150 pro
990 3090 1049 3137 ulte·

109 3170 162 3218 rins
176 3167 316 3218 discrimine
330 3165 440 3214 iacienda
453 3161 510 3210 sint.
971 3209 976 3220 1

141 3231 196 3280 Xli.
211 3231 343 3280 »Nemora
355 3239 414 3276 vero
427 3229 452 3273 et
462 3221 512 3272 luci
527 3225 550 3268 et
565 3220 686 3268 secretum
700 3216 789 3276 ipsum,
806 3211 871 3284 quod
887 3210 953 3271 Aper
969 3223 1049 3260 more·

108 3294 192 3358 pabat,
199 3295 294 3341 tantem
304 3289 364 3340 mihi
377 3287 481 3337 atterunt
489 3283 646 3343 voluptatem,
655 3281 683 3326 nt
693 3277 758 3326 iuter
767 3285 901 3337 praecipuos
912 3272 1049 3322 carminum

108 3357 205 3404 tructus
216 3363 354 3415 nutrieram,
368 3350 433 3412 qnod
444 3359 495 3397 non
505 3344 531 3392 iu
544 3341 646 3403 strepitu
665 3353 710 3388 nec
721 3337 818 3386 sedente
831 3338 886 3384 ante
899 3335 987 3384 ostium
1000 3334 1050 3383 liti-

110 3422 196 3480 gatore
208 3429 254 3464 nec
265 3415 328 3462 inter
342 3413 424 3462 sordes
436 3424 463 3459 ac
474 3406 588 3457 lacrimas
600 3415 699 3452 reorum
707 3399 894 3461 componuntur,
907 3396 951 3445 sed
961 3397 1050 3445 secedit

110 3479 208 3530 animus
218 3475 248 3525 'in
259 3479 313 3525 loca
323 3488 385 3536 pura
397 3476 471 3534 atque
484 3465 636 3528 innocentia,
647 3463 784 3522 fruiturque
795 3459 892 3509 sedibus
905 3457 988 3507 sacris.
996 3458 1049 3506 lraec

111 3538 259 3602 noquencae
271 3535 413 3600 primordia,
427 3536 482 3583 traec
494 3529 639 3594 penetralia;
652 3527 698 3574 hoc
713 3525 821 3598 primum
833 3519 1049 3592 habitulcuituque

107 3601 283 3652 'commendata
293 3597 437 3648 mortalibus
448 3595 475 3643 in
488 3595 531 3643 illa
542 3593 609 3641 casta
622 3591 647 3638 et
658 3588 736 3636 uirilis
749 3585 861 3633 contacta
874 3583 941 3630 vitus
954 3582 1050 3651 pectora

61 3703 63 3710 -
111 3663 223 3728 unnim
233 3662 270 3712 sic
281 3659 381 3712 oracula
389 3659 559 3728 loquebantur.
572 3665 630 3702 nam
640 3651 744 3706 lucrosa
759 3645 833 3717 huius
848 3646 873 3694 et
886 3641 1051 3716 sanguinantis
