<?xml version="1.0" encoding="UTF-8"?>
<!DOCTYPE html PUBLIC "-//W3C//DTD XHTML 1.0 Transitional//EN"
    "http://www.w3.org/TR/xhtml1/DTD/xhtml1-transitional.dtd">
<html xmlns="http://www.w3.org/1999/xhtml" xml:lang="en" lang="en">
 <head>
  <title>
</title>
<meta http-equiv="Content-Type" content="text/html;charset=utf-8" />
  <meta name='ocr-system' content='tesseract 3.04.00' />
  <meta name='ocr-capabilities' content='ocr_page ocr_carea ocr_par ocr_line ocrx_word'/>
</head>
<body>
  <div class='ocr_page' id='page_1' title='image "./oeuvrescompltes01tacigoog_0233.png"; bbox 0 0 2436 4090; ppageno 0'>
   <div class='ocr_carea' id='block_1_1' title="bbox 224 227 767 286">
    <p class='ocr_par' dir='ltr' id='par_1_1' title="bbox 224 227 767 286">
     <span class='ocr_line' id='line_1_1' title="bbox 224 227 767 286; baseline -0.009 -2"><span class='ocrx_word' id='word_1_1' title='bbox 224 229 275 284; x_wconf 59' lang='grc' dir='ltr'>Μ</span> <span class='ocrx_word' id='word_1_2' title='bbox 588 279 592 286; x_wconf 91' lang='grc'><strong>,</strong></span> <span class='ocrx_word' id='word_1_3' title='bbox 624 227 767 282; x_wconf 78' lang='lat' dir='ltr'><strong>TAGITE.</strong></span> 
     </span>
    </p>
   </div>
   <div class='ocr_carea' id='block_1_2' title="bbox 198 338 1177 2488">
    <p class='ocr_par' dir='ltr' id='par_1_2' title="bbox 198 338 1177 2488">
     <span class='ocr_line' id='line_1_2' title="bbox 224 338 1176 415; baseline -0.002 -15"><span class='ocrx_word' id='word_1_4' title='bbox 224 344 327 414; x_wconf 76' lang='lat' dir='ltr'>tardes,</span> <span class='ocrx_word' id='word_1_5' title='bbox 343 358 394 415; x_wconf 87' lang='lat' dir='ltr'>par</span> <span class='ocrx_word' id='word_1_6' title='bbox 417 359 455 400; x_wconf 87' lang='lat' dir='ltr'>un</span> <span class='ocrx_word' id='word_1_7' title='bbox 472 342 624 400; x_wconf 79' lang='lat' dir='ltr'><strong>sentiment</strong></span> <span class='ocrx_word' id='word_1_8' title='bbox 645 340 680 398; x_wconf 92' lang='lat' dir='ltr'>de</span> <span class='ocrx_word' id='word_1_9' title='bbox 700 339 811 398; x_wconf 79' lang='lat' dir='ltr'>rivolire</span> <span class='ocrx_word' id='word_1_10' title='bbox 828 338 946 413; x_wconf 80' lang='lat' dir='ltr'>juleuse,</span> <span class='ocrx_word' id='word_1_11' title='bbox 961 341 1005 403; x_wconf 84' lang='lat' dir='ltr'>les</span> <span class='ocrx_word' id='word_1_12' title='bbox 1026 339 1126 400; x_wconf 77' lang='lat' dir='ltr'>sirenes</span> <span class='ocrx_word' id='word_1_13' title='bbox 1145 341 1176 398; x_wconf 90' lang='lat' dir='ltr'>de</span> 
     </span>
     <span class='ocr_line' id='line_1_3' title="bbox 225 423 1177 497; baseline -0.004 -13"><span class='ocrx_word' id='word_1_14' title='bbox 225 443 275 484; x_wconf 91' lang='lat' dir='ltr'>son</span> <span class='ocrx_word' id='word_1_15' title='bbox 290 426 371 483; x_wconf 82' lang='lat' dir='ltr'>frere.</span> <span class='ocrx_word' id='word_1_16' title='bbox 388 426 517 495; x_wconf 85' lang='lat' dir='ltr'>Sabinus,</span> <span class='ocrx_word' id='word_1_17' title='bbox 531 425 615 485; x_wconf 80' lang='lat' dir='ltr'>l&#39;ciue</span> <span class='ocrx_word' id='word_1_18' title='bbox 628 424 661 483; x_wconf 92' lang='lat' dir='ltr'>de</span> <span class='ocrx_word' id='word_1_19' title='bbox 673 424 833 497; x_wconf 85' lang='lat' dir='ltr'>Vespasien,</span> <span class='ocrx_word' id='word_1_20' title='bbox 848 423 915 480; x_wconf 81' lang='lat' dir='ltr'>eicit</span> <span class='ocrx_word' id='word_1_21' title='bbox 929 424 1028 480; x_wconf 81' lang='lat' dir='ltr'>arrive</span> <span class='ocrx_word' id='word_1_22' title='bbox 1043 423 1110 495; x_wconf 90' lang='lat' dir='ltr'>plus</span> <span class='ocrx_word' id='word_1_23' title='bbox 1124 424 1177 480; x_wconf 86' lang='lat' dir='ltr'>vite</span> 
     </span>
     <span class='ocr_line' id='line_1_4' title="bbox 223 505 1177 578; baseline -0.002 -14"><span class='ocrx_word' id='word_1_24' title='bbox 223 508 241 564; x_wconf 84' lang='lat' dir='ltr'>ir</span> <span class='ocrx_word' id='word_1_25' title='bbox 255 507 284 566; x_wconf 86' lang='lat' dir='ltr'>le</span> <span class='ocrx_word' id='word_1_26' title='bbox 297 509 406 565; x_wconf 81' lang='lat' dir='ltr'><strong>fortune</strong></span> <span class='ocrx_word' id='word_1_27' title='bbox 420 513 448 565; x_wconf 90' lang='lat' dir='ltr'>et</span> <span class='ocrx_word' id='word_1_28' title='bbox 462 507 479 566; x_wconf 78' lang='lat' dir='ltr'>i</span> <span class='ocrx_word' id='word_1_29' title='bbox 494 508 664 577; x_wconf 89' lang='lat' dir='ltr'>l&#39;intlaence‚</span> <span class='ocrx_word' id='word_1_30' title='bbox 678 507 788 578; x_wconf 86' lang='lat' dir='ltr'>lorsque</span> <span class='ocrx_word' id='word_1_31' title='bbox 801 510 864 562; x_wconf 87' lang='lat' dir='ltr'>tous</span> <span class='ocrx_word' id='word_1_32' title='bbox 880 506 953 570; x_wconf 85' lang='lat' dir='ltr'>deux</span> <span class='ocrx_word' id='word_1_33' title='bbox 964 505 1111 562; x_wconf 79' lang='lat' dir='ltr'>n&#39;etaient</span> <span class='ocrx_word' id='word_1_34' title='bbox 1130 521 1177 562; x_wconf 93' lang='lat' dir='ltr'>en-</span> 
     </span>
     <span class='ocr_line' id='line_1_5' title="bbox 224 588 1177 670; baseline -0.001 -23"><span class='ocrx_word' id='word_1_35' title='bbox 224 607 287 648; x_wconf 85' lang='lat' dir='ltr'>core</span> <span class='ocrx_word' id='word_1_36' title='bbox 308 607 362 665; x_wconf 84' lang='lat' dir='ltr'>que</span> <span class='ocrx_word' id='word_1_37' title='bbox 386 589 499 664; x_wconf 81' lang='lat' dir='ltr'>simplos</span> <span class='ocrx_word' id='word_1_38' title='bbox 521 590 653 662; x_wconf 80' lang='lat' dir='ltr'>citoyens.</span> <span class='ocrx_word' id='word_1_39' title='bbox 671 589 695 670; x_wconf 83' lang='lat' dir='ltr'>ll</span> <span class='ocrx_word' id='word_1_40' title='bbox 708 590 782 647; x_wconf 80' lang='lat' dir='ltr'>avait</span> <span class='ocrx_word' id='word_1_41' title='bbox 796 588 904 659; x_wconf 80' lang='lat' dir='ltr'>meme,</span> <span class='ocrx_word' id='word_1_42' title='bbox 927 588 1085 658; x_wconf 80' lang='lat' dir='ltr'>discit-on,</span> <span class='ocrx_word' id='word_1_43' title='bbox 1109 603 1177 660; x_wconf 87' lang='lat' dir='ltr'>pour</span> 
     </span>
     <span class='ocr_line' id='line_1_6' title="bbox 224 671 1177 745; baseline 0 -15"><span class='ocrx_word' id='word_1_44' title='bbox 224 673 323 731; x_wconf 89' lang='lat' dir='ltr'>l&#39;aider</span> <span class='ocrx_word' id='word_1_45' title='bbox 337 673 406 730; x_wconf 86' lang='lat' dir='ltr'>dans</span> <span class='ocrx_word' id='word_1_46' title='bbox 418 673 585 730; x_wconf 84' lang='lat' dir='ltr'>l’emberras</span> <span class='ocrx_word' id='word_1_47' title='bbox 595 672 631 728; x_wconf 92' lang='lat' dir='ltr'>de</span> <span class='ocrx_word' id='word_1_48' title='bbox 644 688 687 730; x_wconf 86' lang='lat' dir='ltr'>ses</span> <span class='ocrx_word' id='word_1_49' title='bbox 701 671 823 741; x_wconf 71' lang='lat' dir='ltr'>alienes,</span> <span class='ocrx_word' id='word_1_50' title='bbox 831 672 891 745; x_wconf 89' lang='lat' dir='ltr'>pris</span> <span class='ocrx_word' id='word_1_51' title='bbox 905 687 941 728; x_wconf 91' lang='lat' dir='ltr'>en</span> <span class='ocrx_word' id='word_1_52' title='bbox 953 687 1030 743; x_wconf 84' lang='lat' dir='ltr'>gege</span> <span class='ocrx_word' id='word_1_53' title='bbox 1039 686 1085 728; x_wconf 87' lang='lat' dir='ltr'>ses</span> <span class='ocrx_word' id='word_1_54' title='bbox 1093 674 1177 730; x_wconf 73' lang='lat' dir='ltr'>terre</span> 
     </span>
     <span class='ocr_line' id='line_1_7' title="bbox 224 753 1175 828; baseline -0.002 -16"><span class='ocrx_word' id='word_1_55' title='bbox 224 760 252 812; x_wconf 92' lang='lat' dir='ltr'>et</span> <span class='ocrx_word' id='word_1_56' title='bbox 262 773 292 814; x_wconf 86' lang='lat' dir='ltr'>sa</span> <span class='ocrx_word' id='word_1_57' title='bbox 305 757 426 823; x_wconf 76' lang='lat' dir='ltr'>moisem</span> <span class='ocrx_word' id='word_1_58' title='bbox 448 761 476 812; x_wconf 90' lang='lat' dir='ltr'>et</span> <span class='ocrx_word' id='word_1_59' title='bbox 488 772 540 828; x_wconf 83' lang='lat' dir='ltr'>per</span> <span class='ocrx_word' id='word_1_60' title='bbox 554 753 614 812; x_wconf 88' lang='lat' dir='ltr'>cele</span> <span class='ocrx_word' id='word_1_61' title='bbox 627 754 731 824; x_wconf 80' lang='lat' dir='ltr'>meme,</span> <span class='ocrx_word' id='word_1_62' title='bbox 746 770 784 810; x_wconf 91' lang='lat' dir='ltr'>on</span> <span class='ocrx_word' id='word_1_63' title='bbox 797 755 940 826; x_wconf 81' lang='lat' dir='ltr'>creigaeit</span> <span class='ocrx_word' id='word_1_64' title='bbox 953 770 1025 827; x_wconf 89' lang='lat' dir='ltr'>que,</span> <span class='ocrx_word' id='word_1_65' title='bbox 1042 770 1110 812; x_wconf 91' lang='lat' dir='ltr'>sous</span> <span class='ocrx_word' id='word_1_66' title='bbox 1122 769 1175 810; x_wconf 90' lang='lat' dir='ltr'>une</span> 
     </span>
     <span class='ocr_line' id='line_1_8' title="bbox 224 837 1176 913; baseline -0.001 -18"><span class='ocrx_word' id='word_1_67' title='bbox 224 839 424 898; x_wconf 84' lang='lat' dir='ltr'>bienreillcnce</span> <span class='ocrx_word' id='word_1_68' title='bbox 433 843 594 913; x_wconf 79' lang='lat' dir='ltr'><strong>apparente,</strong></span> <span class='ocrx_word' id='word_1_69' title='bbox 608 839 629 894; x_wconf 93' lang='lat' dir='ltr'>il</span> <span class='ocrx_word' id='word_1_70' title='bbox 641 838 687 911; x_wconf 75' lang='lat' dir='ltr'>n’p</span> <span class='ocrx_word' id='word_1_71' title='bbox 696 837 835 896; x_wconf 87' lang='lat' dir='ltr'>eritenlre</span> <span class='ocrx_word' id='word_1_72' title='bbox 843 853 897 894; x_wconf 87' lang='lat' dir='ltr'>eux</span> <span class='ocrx_word' id='word_1_73' title='bbox 904 838 953 894; x_wconf 93' lang='lat' dir='ltr'>des</span> <span class='ocrx_word' id='word_1_74' title='bbox 960 839 1176 897; x_wconf 89' lang='lat' dir='ltr'>ressentimenls</span> 
     </span>
     <span class='ocr_line' id='line_1_9' title="bbox 225 921 1174 998; baseline -0.005 -18"><span class='ocrx_word' id='word_1_75' title='bbox 225 921 332 980; x_wconf 77' lang='lat' dir='ltr'>caches.</span> <span class='ocrx_word' id='word_1_76' title='bbox 354 923 376 980; x_wconf 96' lang='lat' dir='ltr'>ll</span> <span class='ocrx_word' id='word_1_77' title='bbox 396 925 437 980; x_wconf 83' lang='lat' dir='ltr'>est</span> <span class='ocrx_word' id='word_1_78' title='bbox 454 923 517 994; x_wconf 93' lang='lat' dir='ltr'>plus</span> <span class='ocrx_word' id='word_1_79' title='bbox 537 921 715 978; x_wconf 85' lang='lat' dir='ltr'>reisouueble</span> <span class='ocrx_word' id='word_1_80' title='bbox 729 921 763 977; x_wconf 89' lang='lat' dir='ltr'>de</span> <span class='ocrx_word' id='word_1_81' title='bbox 782 936 884 998; x_wconf 78' lang='lat' dir='ltr'>pepser</span> <span class='ocrx_word' id='word_1_82' title='bbox 902 937 956 993; x_wconf 88' lang='lat' dir='ltr'>que</span> <span class='ocrx_word' id='word_1_83' title='bbox 969 921 999 978; x_wconf 91' lang='lat' dir='ltr'>le</span> <span class='ocrx_word' id='word_1_84' title='bbox 1021 936 1097 992; x_wconf 81' lang='lat' dir='ltr'>song</span> <span class='ocrx_word' id='word_1_85' title='bbox 1111 925 1139 978; x_wconf 89' lang='lat' dir='ltr'>et</span> <span class='ocrx_word' id='word_1_86' title='bbox 1150 921 1174 976; x_wconf 92' lang='lat' dir='ltr'>le</span> 
     </span>
     <span class='ocr_line' id='line_1_10' title="bbox 225 1003 1174 1081; baseline -0.003 -18"><span class='ocrx_word' id='word_1_87' title='bbox 225 1013 347 1063; x_wconf 88' lang='lat' dir='ltr'>memtre</span> <span class='ocrx_word' id='word_1_88' title='bbox 360 1006 546 1080; x_wconf 81' lang='lat' dir='ltr'>repugnsient</span> <span class='ocrx_word' id='word_1_89' title='bbox 560 1004 576 1060; x_wconf 78' lang='grc' dir='ltr'>ὲ</span> <span class='ocrx_word' id='word_1_90' title='bbox 591 1005 620 1060; x_wconf 87' lang='lat' dir='ltr'>la</span> <span class='ocrx_word' id='word_1_91' title='bbox 634 1005 757 1061; x_wconf 91' lang='lat' dir='ltr'>douceur</span> <span class='ocrx_word' id='word_1_92' title='bbox 770 1003 804 1060; x_wconf 91' lang='lat' dir='ltr'>de</span> <span class='ocrx_word' id='word_1_93' title='bbox 819 1003 945 1081; x_wconf 86' lang='lat' dir='ltr'>Sabinus,</span> <span class='ocrx_word' id='word_1_94' title='bbox 964 1008 994 1060; x_wconf 87' lang='lat' dir='ltr'>et</span> <span class='ocrx_word' id='word_1_95' title='bbox 1009 1020 1070 1076; x_wconf 88' lang='lat' dir='ltr'>que</span> <span class='ocrx_word' id='word_1_96' title='bbox 1084 1018 1136 1075; x_wconf 88' lang='lat' dir='ltr'>par</span> <span class='ocrx_word' id='word_1_97' title='bbox 1147 1019 1174 1060; x_wconf 84' lang='lat' dir='ltr'>ce</span> 
     </span>
     <span class='ocr_line' id='line_1_11' title="bbox 223 1083 1174 1158; baseline -0.003 -16"><span class='ocrx_word' id='word_1_98' title='bbox 223 1087 316 1157; x_wconf 86' lang='lat' dir='ltr'>motii,</span> <span class='ocrx_word' id='word_1_99' title='bbox 330 1088 352 1143; x_wconf 94' lang='lat' dir='ltr'>il</span> <span class='ocrx_word' id='word_1_100' title='bbox 366 1087 443 1144; x_wconf 86' lang='lat' dir='ltr'>nima</span> <span class='ocrx_word' id='word_1_101' title='bbox 456 1087 550 1144; x_wconf 85' lang='lat' dir='ltr'>mieux</span> <span class='ocrx_word' id='word_1_102' title='bbox 568 1085 731 1144; x_wconf 85' lang='lat' dir='ltr'>s’aboucber</span> <span class='ocrx_word' id='word_1_103' title='bbox 753 1100 822 1144; x_wconf 81' lang='lat' dir='ltr'>erec</span> <span class='ocrx_word' id='word_1_104' title='bbox 841 1083 970 1142; x_wconf 87' lang='lat' dir='ltr'>Vitellius</span> <span class='ocrx_word' id='word_1_105' title='bbox 985 1101 1065 1158; x_wconf 89' lang='lat' dir='ltr'>pour</span> <span class='ocrx_word' id='word_1_106' title='bbox 1079 1086 1174 1142; x_wconf 87' lang='lat' dir='ltr'>traiter</span> 
     </span>
     <span class='ocr_line' id='line_1_12' title="bbox 223 1164 1174 1239; baseline -0.001 -17"><span class='ocrx_word' id='word_1_107' title='bbox 223 1164 258 1222; x_wconf 87' lang='lat' dir='ltr'>de</span> <span class='ocrx_word' id='word_1_108' title='bbox 272 1165 300 1222; x_wconf 87' lang='lat' dir='ltr'>lo</span> <span class='ocrx_word' id='word_1_109' title='bbox 311 1167 385 1239; x_wconf 82' lang='lat' dir='ltr'>pais,</span> <span class='ocrx_word' id='word_1_110' title='bbox 401 1172 429 1224; x_wconf 90' lang='lat' dir='ltr'>et</span> <span class='ocrx_word' id='word_1_111' title='bbox 443 1167 579 1238; x_wconf 81' lang='lat' dir='ltr'>terminer</span> <span class='ocrx_word' id='word_1_112' title='bbox 591 1165 619 1222; x_wconf 81' lang='lat' dir='ltr'>le</span> <span class='ocrx_word' id='word_1_113' title='bbox 634 1180 736 1238; x_wconf 86' lang='lat' dir='ltr'>guerre</span> <span class='ocrx_word' id='word_1_114' title='bbox 756 1181 805 1238; x_wconf 83' lang='lat' dir='ltr'>per</span> <span class='ocrx_word' id='word_1_115' title='bbox 818 1181 875 1221; x_wconf 89' lang='lat' dir='ltr'>une</span> <span class='ocrx_word' id='word_1_116' title='bbox 888 1168 1077 1224; x_wconf 85' lang='lat' dir='ltr'>trensection.</span> <span class='ocrx_word' id='word_1_117' title='bbox 1094 1165 1174 1238; x_wconf 77' lang='lat' dir='ltr'>Apris</span> 
     </span>
     <span class='ocr_line' id='line_1_13' title="bbox 223 1247 1172 1320; baseline 0.003 -18"><span class='ocrx_word' id='word_1_118' title='bbox 223 1248 301 1304; x_wconf 82' lang='lat' dir='ltr'>avoir</span> <span class='ocrx_word' id='word_1_119' title='bbox 315 1264 350 1304; x_wconf 90' lang='lat' dir='ltr'>eu</span> <span class='ocrx_word' id='word_1_120' title='bbox 368 1247 428 1305; x_wconf 88' lang='lat' dir='ltr'>l&#39;un</span> <span class='ocrx_word' id='word_1_121' title='bbox 449 1248 515 1306; x_wconf 87' lang='lat' dir='ltr'>chez</span> <span class='ocrx_word' id='word_1_122' title='bbox 537 1249 637 1305; x_wconf 64' lang='lat' dir='ltr'>lfeutre</span> <span class='ocrx_word' id='word_1_123' title='bbox 656 1247 691 1304; x_wconf 91' lang='lat' dir='ltr'>de</span> <span class='ocrx_word' id='word_1_124' title='bbox 710 1247 868 1320; x_wconf 79' lang='lat' dir='ltr'>frequentes</span> <span class='ocrx_word' id='word_1_125' title='bbox 885 1251 1050 1320; x_wconf 86' lang='lat' dir='ltr'>entrevues,</span> <span class='ocrx_word' id='word_1_126' title='bbox 1065 1249 1101 1306; x_wconf 90' lang='lat' dir='ltr'>ils</span> <span class='ocrx_word' id='word_1_127' title='bbox 1113 1265 1172 1305; x_wconf 88' lang='lat' dir='ltr'>con-</span> 
     </span>
     <span class='ocr_line' id='line_1_14' title="bbox 223 1327 1171 1403; baseline 0 -17"><span class='ocrx_word' id='word_1_128' title='bbox 223 1328 331 1388; x_wconf 89' lang='lat' dir='ltr'>clnrent</span> <span class='ocrx_word' id='word_1_129' title='bbox 344 1331 422 1388; x_wconf 89' lang='lat' dir='ltr'>enlin</span> <span class='ocrx_word' id='word_1_130' title='bbox 436 1348 475 1386; x_wconf 89' lang='lat' dir='ltr'>ua</span> <span class='ocrx_word' id='word_1_131' title='bbox 496 1330 580 1388; x_wconf 82' lang='lat' dir='ltr'>traite</span> <span class='ocrx_word' id='word_1_132' title='bbox 601 1331 671 1387; x_wconf 88' lang='lat' dir='ltr'>dans</span> <span class='ocrx_word' id='word_1_133' title='bbox 684 1328 712 1386; x_wconf 94' lang='lat' dir='ltr'>le</span> <span class='ocrx_word' id='word_1_134' title='bbox 726 1327 831 1403; x_wconf 91' lang='lat' dir='ltr'>temple</span> <span class='ocrx_word' id='word_1_135' title='bbox 851 1329 1014 1403; x_wconf 74' lang='lat' dir='ltr'>d&#39;Apollom</span> <span class='ocrx_word' id='word_1_136' title='bbox 1040 1333 1081 1388; x_wconf 89' lang='lat' dir='ltr'>tel</span> <span class='ocrx_word' id='word_1_137' title='bbox 1095 1336 1136 1388; x_wconf 91' lang='lat' dir='ltr'>est</span> <span class='ocrx_word' id='word_1_138' title='bbox 1147 1330 1171 1387; x_wconf 93' lang='lat' dir='ltr'>le</span> 
     </span>
     <span class='ocr_line' id='line_1_15' title="bbox 223 1409 1169 1486; baseline 0.002 -18"><span class='ocrx_word' id='word_1_139' title='bbox 223 1409 297 1468; x_wconf 88' lang='lat' dir='ltr'>bruit</span> <span class='ocrx_word' id='word_1_140' title='bbox 309 1414 357 1486; x_wconf 88' lang='lat' dir='ltr'>qui</span> <span class='ocrx_word' id='word_1_141' title='bbox 370 1417 469 1471; x_wconf 88' lang='lat' dir='ltr'>courut</span> <span class='ocrx_word' id='word_1_142' title='bbox 477 1411 559 1470; x_wconf 84' lang='lat' dir='ltr'>alors.</span> <span class='ocrx_word' id='word_1_143' title='bbox 569 1413 642 1468; x_wconf 88' lang='lat' dir='ltr'>Leur</span> <span class='ocrx_word' id='word_1_144' title='bbox 651 1412 790 1468; x_wconf 83' lang='lat' dir='ltr'>entretien</span> <span class='ocrx_word' id='word_1_145' title='bbox 801 1412 879 1467; x_wconf 85' lang='lat' dir='ltr'>n&#39;eut</span> <span class='ocrx_word' id='word_1_146' title='bbox 891 1427 945 1484; x_wconf 90' lang='lat' dir='ltr'>que</span> <span class='ocrx_word' id='word_1_147' title='bbox 956 1412 1035 1470; x_wconf 86' lang='lat' dir='ltr'>deux</span> <span class='ocrx_word' id='word_1_148' title='bbox 1042 1412 1169 1482; x_wconf 82' lang='lat' dir='ltr'>trimoius,</span> 
     </span>
     <span class='ocr_line' id='line_1_16' title="bbox 222 1492 1169 1569; baseline 0.002 -19"><span class='ocrx_word' id='word_1_149' title='bbox 222 1493 336 1551; x_wconf 88' lang='lat' dir='ltr'>Cluvius</span> <span class='ocrx_word' id='word_1_150' title='bbox 349 1494 438 1552; x_wconf 90' lang='lat' dir='ltr'>Rulus</span> <span class='ocrx_word' id='word_1_151' title='bbox 459 1499 487 1551; x_wconf 90' lang='lat' dir='ltr'>et</span> <span class='ocrx_word' id='word_1_152' title='bbox 506 1494 590 1552; x_wconf 85' lang='lat' dir='ltr'>Silius</span> <span class='ocrx_word' id='word_1_153' title='bbox 608 1494 726 1551; x_wconf 84' lang='lat' dir='ltr'>lielious.</span> <span class='ocrx_word' id='word_1_154' title='bbox 750 1492 936 1567; x_wconf 81' lang='lat' dir='ltr'>L&#39;expression</span> <span class='ocrx_word' id='word_1_155' title='bbox 950 1495 985 1552; x_wconf 91' lang='lat' dir='ltr'>de</span> <span class='ocrx_word' id='word_1_156' title='bbox 1001 1496 1069 1552; x_wconf 92' lang='lat' dir='ltr'>leur</span> <span class='ocrx_word' id='word_1_157' title='bbox 1082 1498 1169 1569; x_wconf 86' lang='lat' dir='ltr'>visage</span> 
     </span>
     <span class='ocr_line' id='line_1_17' title="bbox 224 1577 1169 1652; baseline 0.001 -18"><span class='ocrx_word' id='word_1_158' title='bbox 224 1577 265 1635; x_wconf 86' lang='lat' dir='ltr'>lut</span> <span class='ocrx_word' id='word_1_159' title='bbox 281 1579 389 1637; x_wconf 81' lang='lat' dir='ltr'>etudiee</span> <span class='ocrx_word' id='word_1_160' title='bbox 403 1579 437 1636; x_wconf 91' lang='lat' dir='ltr'>de</span> <span class='ocrx_word' id='word_1_161' title='bbox 455 1579 515 1636; x_wconf 91' lang='lat' dir='ltr'>loin</span> <span class='ocrx_word' id='word_1_162' title='bbox 534 1593 586 1652; x_wconf 84' lang='lat' dir='ltr'>par</span> <span class='ocrx_word' id='word_1_163' title='bbox 600 1578 641 1634; x_wconf 85' lang='lat' dir='ltr'>les</span> <span class='ocrx_word' id='word_1_164' title='bbox 655 1580 834 1649; x_wconf 87' lang='lat' dir='ltr'>specteteurs.</span> <span class='ocrx_word' id='word_1_165' title='bbox 855 1579 983 1636; x_wconf 73' lang='lat' dir='ltr'>Vitellius</span> <span class='ocrx_word' id='word_1_166' title='bbox 994 1579 1068 1638; x_wconf 80' lang='lat' dir='ltr'>etcit</span> <span class='ocrx_word' id='word_1_167' title='bbox 1079 1580 1169 1636; x_wconf 87' lang='lat' dir='ltr'>abattu</span> 
     </span>
     <span class='ocr_line' id='line_1_18' title="bbox 223 1660 1167 1740; baseline 0.002 -24"><span class='ocrx_word' id='word_1_168' title='bbox 223 1665 251 1716; x_wconf 91' lang='lat' dir='ltr'>et</span> <span class='ocrx_word' id='word_1_169' title='bbox 271 1661 404 1740; x_wconf 77' lang='lat' dir='ltr'>humilie3</span> <span class='ocrx_word' id='word_1_170' title='bbox 429 1663 548 1720; x_wconf 84' lang='lat' dir='ltr'>Sabinus</span> <span class='ocrx_word' id='word_1_171' title='bbox 571 1661 677 1718; x_wconf 84' lang='lat' dir='ltr'>n&#39;evait</span> <span class='ocrx_word' id='word_1_172' title='bbox 699 1661 763 1718; x_wconf 91' lang='lat' dir='ltr'>rien</span> <span class='ocrx_word' id='word_1_173' title='bbox 786 1660 965 1732; x_wconf 82' lang='lat' dir='ltr'>d&#39;insultent,</span> <span class='ocrx_word' id='word_1_174' title='bbox 984 1667 1016 1720; x_wconf 84' lang='lat' dir='ltr'>et</span> <span class='ocrx_word' id='word_1_175' title='bbox 1038 1664 1167 1722; x_wconf 85' lang='lat' dir='ltr'>montrait</span> 
     </span>
     <span class='ocr_line' id='line_1_19' title="bbox 222 1745 754 1818; baseline 0.015 -18"><span class='ocrx_word' id='word_1_176' title='bbox 222 1745 312 1818; x_wconf 84' lang='lat' dir='ltr'>plutdt</span> <span class='ocrx_word' id='word_1_177' title='bbox 325 1746 358 1803; x_wconf 93' lang='lat' dir='ltr'>de</span> <span class='ocrx_word' id='word_1_178' title='bbox 371 1747 400 1802; x_wconf 87' lang='lat' dir='ltr'>la</span> <span class='ocrx_word' id='word_1_179' title='bbox 414 1745 491 1818; x_wconf 81' lang='lat' dir='ltr'>pitie.</span> <span class='ocrx_word' id='word_1_180' title='bbox 598 1801 600 1806; x_wconf 81' lang='grc'>,</span> <span class='ocrx_word' id='word_1_181' title='bbox 748 1801 754 1808; x_wconf 89' lang='grc'><strong><em>.</em></strong></span> 
     </span>
     <span class='ocr_line' id='line_1_20' title="bbox 257 1826 1165 1902; baseline 0.008 -20"><span class='ocrx_word' id='word_1_182' title='bbox 257 1829 344 1884; x_wconf 88' lang='lat' dir='ltr'>LXVl.</span> <span class='ocrx_word' id='word_1_183' title='bbox 367 1829 395 1886; x_wconf 90' lang='lat' dir='ltr'>Si</span> <span class='ocrx_word' id='word_1_184' title='bbox 413 1826 542 1884; x_wconf 84' lang='lat' dir='ltr'>Vitellius</span> <span class='ocrx_word' id='word_1_185' title='bbox 562 1828 637 1886; x_wconf 85' lang='lat' dir='ltr'>avait</span> <span class='ocrx_word' id='word_1_186' title='bbox 655 1844 692 1886; x_wconf 92' lang='lat' dir='ltr'>eu</span> <span class='ocrx_word' id='word_1_187' title='bbox 712 1827 740 1884; x_wconf 91' lang='lat' dir='ltr'>le</span> <span class='ocrx_word' id='word_1_188' title='bbox 759 1829 877 1902; x_wconf 88' lang='lat' dir='ltr'>poavoir</span> <span class='ocrx_word' id='word_1_189' title='bbox 892 1829 927 1886; x_wconf 93' lang='lat' dir='ltr'>de</span> <span class='ocrx_word' id='word_1_190' title='bbox 947 1829 1020 1889; x_wconf 84' lang='lat' dir='ltr'>taire</span> <span class='ocrx_word' id='word_1_191' title='bbox 1034 1829 1119 1890; x_wconf 79' lang='lat' dir='ltr'>ceder</span> <span class='ocrx_word' id='word_1_192' title='bbox 1128 1831 1165 1889; x_wconf 85' lang='lat' dir='ltr'>les</span> 
     </span>
     <span class='ocr_line' id='line_1_21' title="bbox 222 1909 1165 1985; baseline 0.007 -19"><span class='ocrx_word' id='word_1_193' title='bbox 222 1909 297 1966; x_wconf 89' lang='lat' dir='ltr'>siens</span> <span class='ocrx_word' id='word_1_194' title='bbox 309 1911 383 1968; x_wconf 84' lang='lat' dir='ltr'>aussi</span> <span class='ocrx_word' id='word_1_195' title='bbox 401 1911 562 1968; x_wconf 85' lang='lat' dir='ltr'>lacilement</span> <span class='ocrx_word' id='word_1_196' title='bbox 576 1911 647 1985; x_wconf 88' lang='lat' dir='ltr'>qu&#39;il</span> <span class='ocrx_word' id='word_1_197' title='bbox 664 1911 738 1968; x_wconf 81' lang='lat' dir='ltr'>avoir</span> <span class='ocrx_word' id='word_1_198' title='bbox 751 1911 817 1977; x_wconf 80' lang='lat' dir='ltr'>cede</span> <span class='ocrx_word' id='word_1_199' title='bbox 830 1911 990 1983; x_wconf 79' lang='lat' dir='ltr'>lui-meme,</span> <span class='ocrx_word' id='word_1_200' title='bbox 1005 1915 1123 1972; x_wconf 80' lang='lat' dir='ltr'>l&#39;armee</span> <span class='ocrx_word' id='word_1_201' title='bbox 1134 1915 1165 1972; x_wconf 89' lang='lat' dir='ltr'>de</span> 
     </span>
     <span class='ocr_line' id='line_1_22' title="bbox 198 1993 1165 2072; baseline 0.007 -25"><span class='ocrx_word' id='word_1_202' title='bbox 198 2033 206 2046; x_wconf 92' lang='lat'><strong>.</strong></span> <span class='ocrx_word' id='word_1_203' title='bbox 222 1994 382 2065; x_wconf 86' lang='lat' dir='ltr'>Vespasien,</span> <span class='ocrx_word' id='word_1_204' title='bbox 397 1993 477 2052; x_wconf 77' lang='lat' dir='ltr'>ison</span> <span class='ocrx_word' id='word_1_205' title='bbox 492 1993 588 2052; x_wconf 84' lang='lat' dir='ltr'>entree</span> <span class='ocrx_word' id='word_1_206' title='bbox 606 1996 675 2058; x_wconf 79' lang='lat' dir='ltr'>dans</span> <span class='ocrx_word' id='word_1_207' title='bbox 689 1996 788 2064; x_wconf 83' lang='lat' dir='ltr'>Rome,</span> <span class='ocrx_word' id='word_1_208' title='bbox 801 1995 880 2052; x_wconf 86' lang='lat' dir='ltr'>n’erit</span> <span class='ocrx_word' id='word_1_209' title='bbox 894 1997 972 2069; x_wconf 88' lang='lat' dir='ltr'>point</span> <span class='ocrx_word' id='word_1_210' title='bbox 987 1998 1165 2072; x_wconf 81' lang='lat' dir='ltr'>ensengienle</span> 
     </span>
     <span class='ocr_line' id='line_1_23' title="bbox 222 2073 1163 2156; baseline 0.006 -24"><span class='ocrx_word' id='word_1_211' title='bbox 222 2074 251 2134; x_wconf 87' lang='lat' dir='ltr'>le</span> <span class='ocrx_word' id='word_1_212' title='bbox 265 2073 341 2154; x_wconf 84' lang='lat' dir='ltr'>ville.</span> <span class='ocrx_word' id='word_1_213' title='bbox 356 2077 425 2135; x_wconf 85' lang='lat' dir='ltr'>Mais</span> <span class='ocrx_word' id='word_1_214' title='bbox 438 2093 507 2134; x_wconf 81' lang='lat' dir='ltr'>ceux</span> <span class='ocrx_word' id='word_1_215' title='bbox 520 2079 569 2150; x_wconf 90' lang='lat' dir='ltr'>qui</span> <span class='ocrx_word' id='word_1_216' title='bbox 582 2075 624 2133; x_wconf 94' lang='lat' dir='ltr'>lui</span> <span class='ocrx_word' id='word_1_217' title='bbox 633 2077 764 2134; x_wconf 78' lang='lat' dir='ltr'>restarent</span> <span class='ocrx_word' id='word_1_218' title='bbox 778 2077 875 2136; x_wconf 75' lang='lat' dir='ltr'>fideles</span> <span class='ocrx_word' id='word_1_219' title='bbox 888 2079 1040 2152; x_wconf 73' lang='lat' dir='ltr'>reietoient</span> <span class='ocrx_word' id='word_1_220' title='bbox 1050 2099 1102 2156; x_wconf 86' lang='lat' dir='ltr'>par</span> <span class='ocrx_word' id='word_1_221' title='bbox 1110 2081 1163 2140; x_wconf 89' lang='lat' dir='ltr'>celo</span> 
     </span>
     <span class='ocr_line' id='line_1_24' title="bbox 221 2157 1163 2232; baseline 0.003 -16"><span class='ocrx_word' id='word_1_222' title='bbox 221 2157 315 2216; x_wconf 78' lang='lat' dir='ltr'>meme</span> <span class='ocrx_word' id='word_1_223' title='bbox 335 2158 363 2218; x_wconf 86' lang='lat' dir='ltr'>la</span> <span class='ocrx_word' id='word_1_224' title='bbox 382 2159 448 2232; x_wconf 79' lang='lat' dir='ltr'>pair</span> <span class='ocrx_word' id='word_1_225' title='bbox 466 2163 494 2216; x_wconf 87' lang='lat' dir='ltr'>et</span> <span class='ocrx_word' id='word_1_226' title='bbox 514 2162 601 2216; x_wconf 86' lang='lat' dir='ltr'>tontes</span> <span class='ocrx_word' id='word_1_227' title='bbox 622 2159 664 2216; x_wconf 89' lang='lat' dir='ltr'>les</span> <span class='ocrx_word' id='word_1_228' title='bbox 684 2161 878 2230; x_wconf 79' lang='lat' dir='ltr'>transactione,</span> <span class='ocrx_word' id='word_1_229' title='bbox 893 2165 921 2218; x_wconf 82' lang='lat' dir='ltr'>et</span> <span class='ocrx_word' id='word_1_230' title='bbox 939 2166 1114 2223; x_wconf 85' lang='lat' dir='ltr'>montreient</span> <span class='ocrx_word' id='word_1_231' title='bbox 1126 2165 1163 2220; x_wconf 88' lang='lat' dir='ltr'>los</span> 
     </span>
     <span class='ocr_line' id='line_1_25' title="bbox 222 2240 1161 2318; baseline 0.002 -20"><span class='ocrx_word' id='word_1_232' title='bbox 222 2240 504 2314; x_wconf 58' lang='lat' dir='ltr'>congereremus,</span> <span class='ocrx_word' id='word_1_233' title='bbox 519 2245 547 2300; x_wconf 87' lang='lat' dir='ltr'>et</span> <span class='ocrx_word' id='word_1_234' title='bbox 564 2241 604 2298; x_wconf 90' lang='lat' dir='ltr'>les</span> <span class='ocrx_word' id='word_1_235' title='bbox 623 2241 746 2314; x_wconf 84' lang='lat' dir='ltr'>caprices</span> <span class='ocrx_word' id='word_1_236' title='bbox 766 2242 805 2298; x_wconf 91' lang='lat' dir='ltr'>du</span> <span class='ocrx_word' id='word_1_237' title='bbox 826 2243 983 2316; x_wconf 83' lang='lat' dir='ltr'>reinqueur</span> <span class='ocrx_word' id='word_1_238' title='bbox 1001 2263 1075 2318; x_wconf 84' lang='lat' dir='ltr'>pour</span> <span class='ocrx_word' id='word_1_239' title='bbox 1093 2246 1161 2304; x_wconf 84' lang='lat' dir='ltr'>seule</span> 
     </span>
     <span class='ocr_line' id='line_1_26' title="bbox 222 2323 1161 2402; baseline 0.003 -21"><span class='ocrx_word' id='word_1_240' title='bbox 222 2326 360 2398; x_wconf 77' lang='lat' dir='ltr'>gerontio.</span> <span class='ocrx_word' id='word_1_241' title='bbox 377 2345 392 2379; x_wconf 76' lang='lat' dir='ltr'>a</span> <span class='ocrx_word' id='word_1_242' title='bbox 406 2326 558 2400; x_wconf 83' lang='lat' dir='ltr'>Vespasien</span> <span class='ocrx_word' id='word_1_243' title='bbox 570 2324 676 2382; x_wconf 84' lang='lat' dir='ltr'>n’aroit</span> <span class='ocrx_word' id='word_1_244' title='bbox 688 2340 738 2398; x_wconf 84' lang='lat' dir='ltr'>pes</span> <span class='ocrx_word' id='word_1_245' title='bbox 746 2341 787 2381; x_wconf 87' lang='lat' dir='ltr'>un</span> <span class='ocrx_word' id='word_1_246' title='bbox 799 2323 838 2382; x_wconf 90' lang='lat' dir='ltr'>tel</span> <span class='ocrx_word' id='word_1_247' title='bbox 846 2326 965 2398; x_wconf 86' lang='lat' dir='ltr'>orgueil,</span> <span class='ocrx_word' id='word_1_248' title='bbox 976 2330 1049 2402; x_wconf 90' lang='lat' dir='ltr'>qu&#39;il</span> <span class='ocrx_word' id='word_1_249' title='bbox 1060 2328 1161 2388; x_wconf 78' lang='lat' dir='ltr'>sorriirt</span> 
     </span>
     <span class='ocr_line' id='line_1_27' title="bbox 221 2407 1160 2488; baseline 0.001 -20"><span class='ocrx_word' id='word_1_250' title='bbox 221 2426 277 2488; x_wconf 89' lang='lat' dir='ltr'>que</span> <span class='ocrx_word' id='word_1_251' title='bbox 289 2409 417 2468; x_wconf 78' lang='lat' dir='ltr'>Vitellius</span> <span class='ocrx_word' id='word_1_252' title='bbox 433 2409 519 2470; x_wconf 80' lang='lat' dir='ltr'>restit</span> <span class='ocrx_word' id='word_1_253' title='bbox 537 2408 638 2484; x_wconf 83' lang='lat' dir='ltr'>simple</span> <span class='ocrx_word' id='word_1_254' title='bbox 652 2408 776 2484; x_wconf 77' lang='lat' dir='ltr'>citopen5</span> <span class='ocrx_word' id='word_1_255' title='bbox 794 2407 835 2467; x_wconf 91' lang='lat' dir='ltr'>les</span> <span class='ocrx_word' id='word_1_256' title='bbox 855 2409 972 2470; x_wconf 78' lang='lat' dir='ltr'>scincus</span> <span class='ocrx_word' id='word_1_257' title='bbox 992 2413 1160 2472; x_wconf 79' lang='lat' dir='ltr'>eux-memes</span> 
     </span>
    </p>
   </div>
   <div class='ocr_carea' id='block_1_3' title="bbox 220 2552 1159 2770">
    <p class='ocr_par' dir='ltr' id='par_1_3' title="bbox 220 2552 1159 2770">
     <span class='ocr_line' id='line_1_28' title="bbox 221 2552 1159 2643; baseline -0.001 -9"><span class='ocrx_word' id='word_1_258' title='bbox 221 2588 242 2634; x_wconf 80' lang='lat' dir='ltr'>et</span> <span class='ocrx_word' id='word_1_259' title='bbox 250 2581 386 2632; x_wconf 72' lang='lat' dir='ltr'>oduarium</span> <span class='ocrx_word' id='word_1_260' title='bbox 394 2581 509 2642; x_wconf 74' lang='lat' dir='ltr'>fortoooru</span> <span class='ocrx_word' id='word_1_261' title='bbox 518 2569 599 2643; x_wconf 70' lang='lat' dir='ltr'>fratris</span> <span class='ocrx_word' id='word_1_262' title='bbox 609 2583 740 2630; x_wconf 77' lang='lat' dir='ltr'>mororum.</span> <span class='ocrx_word' id='word_1_263' title='bbox 753 2591 858 2640; x_wconf 83' lang='lat' dir='ltr'>nomque</span> <span class='ocrx_word' id='word_1_264' title='bbox 869 2578 968 2631; x_wconf 85' lang='lat' dir='ltr'>Florius</span> <span class='ocrx_word' id='word_1_265' title='bbox 978 2552 1086 2635; x_wconf 86' lang='lat' dir='ltr'>Sabinus</span> <span class='ocrx_word' id='word_1_266' title='bbox 1096 2587 1159 2634; x_wconf 75' lang='lat' dir='ltr'>etate</span> 
     </span>
     <span class='ocr_line' id='line_1_29' title="bbox 221 2641 1157 2709; baseline 0.002 -15"><span class='ocrx_word' id='word_1_267' title='bbox 221 2644 287 2709; x_wconf 87' lang='lat' dir='ltr'>prior</span> <span class='ocrx_word' id='word_1_268' title='bbox 304 2643 404 2704; x_wconf 76' lang='lat' dir='ltr'>privetis</span> <span class='ocrx_word' id='word_1_269' title='bbox 423 2641 639 2703; x_wconf 81' lang='lat' dir='ltr'>utriusquerebus</span> <span class='ocrx_word' id='word_1_270' title='bbox 656 2641 798 2692; x_wconf 83' lang='lat' dir='ltr'>auctoritate</span> <span class='ocrx_word' id='word_1_271' title='bbox 815 2641 967 2706; x_wconf 77' lang='lat' dir='ltr'>pecuniaque</span> <span class='ocrx_word' id='word_1_272' title='bbox 985 2644 1157 2708; x_wconf 70' lang='lat' dir='ltr'>Vespasianum</span> 
     </span>
     <span class='ocr_line' id='line_1_30' title="bbox 220 2703 1157 2770; baseline -0.002 -12"><span class='ocrx_word' id='word_1_273' title='bbox 220 2704 339 2768; x_wconf 79' lang='lat' dir='ltr'>anteibat,</span> <span class='ocrx_word' id='word_1_274' title='bbox 348 2708 374 2754; x_wconf 93' lang='lat' dir='ltr'>et</span> <span class='ocrx_word' id='word_1_275' title='bbox 384 2704 532 2754; x_wconf 78' lang='lat' dir='ltr'>credebatur</span> <span class='ocrx_word' id='word_1_276' title='bbox 541 2705 652 2754; x_wconf 82' lang='lat' dir='ltr'>allectam</span> <span class='ocrx_word' id='word_1_277' title='bbox 664 2704 719 2764; x_wconf 81' lang='lat' dir='ltr'>ejus</span> <span class='ocrx_word' id='word_1_278' title='bbox 730 2704 802 2752; x_wconf 88' lang='lat' dir='ltr'>tidem</span> <span class='ocrx_word' id='word_1_279' title='bbox 814 2703 954 2765; x_wconf 79' lang='lat' dir='ltr'>precjurisse</span> <span class='ocrx_word' id='word_1_280' title='bbox 965 2705 1040 2756; x_wconf 91' lang='lat' dir='ltr'>domo</span> <span class='ocrx_word' id='word_1_281' title='bbox 1052 2709 1157 2770; x_wconf 77' lang='lat' dir='ltr'>agn&#39;sqne</span> 
     </span>
    </p>
   </div>
   <div class='ocr_carea' id='block_1_4' title="bbox 148 2765 1157 3638">
    <p class='ocr_par' dir='ltr' id='par_1_4' title="bbox 148 2765 1157 3263">
     <span class='ocr_line' id='line_1_31' title="bbox 220 2765 1157 2883; baseline 0 -3"><span class='ocrx_word' id='word_1_282' title='bbox 220 2765 1157 2883; x_wconf 56' lang='lat' dir='ltr'>tltttltttltiVtrtttrleltliltlittttttttllt</span> 
     </span>
     <span class='ocr_line' id='line_1_32' title="bbox 220 2842 1156 2961; baseline 0 -19"><span class='ocrx_word' id='word_1_283' title='bbox 220 2893 364 2950; x_wconf 74' lang='lat' dir='ltr'>abhorreres</span> <span class='ocrx_word' id='word_1_284' title='bbox 376 2842 483 2951; x_wconf 54' lang='lat' dir='ltr'>diffuso</span> <span class='ocrx_word' id='word_1_285' title='bbox 494 2894 515 2940; x_wconf 82' lang='lat' dir='ltr'>et</span> <span class='ocrx_word' id='word_1_286' title='bbox 528 2889 620 2940; x_wconf 84' lang='lat' dir='ltr'>oedibus</span> <span class='ocrx_word' id='word_1_287' title='bbox 626 2925 635 2952; x_wconf 92' lang='lat'><em>,</em></span> <span class='ocrx_word' id='word_1_288' title='bbox 646 2861 806 2961; x_wconf 29' lang='lat' dir='ltr'>eripuelcrobris</span> <span class='ocrx_word' id='word_1_289' title='bbox 820 2842 876 2938; x_wconf 55' lang='lat' dir='ltr'>ouri)</span> <span class='ocrx_word' id='word_1_290' title='bbox 884 2845 1156 2946; x_wconf 43' lang='grc' dir='ltr'>νὶῖεὶῑῐοέωζιξοᾞίὸῗεηεῗιι</span> 
     </span>
     <span class='ocr_line' id='line_1_33' title="bbox 148 2952 1155 3020; baseline 0 -16"><span class='ocrx_word' id='word_1_291' title='bbox 148 3009 153 3017; x_wconf 66' lang='grc'>,</span> <span class='ocrx_word' id='word_1_292' title='bbox 219 2969 273 3020; x_wconf 85' lang='lat' dir='ltr'>poce</span> <span class='ocrx_word' id='word_1_293' title='bbox 285 2953 434 3018; x_wconf 76' lang='lat' dir='ltr'>ponendisque</span> <span class='ocrx_word' id='word_1_294' title='bbox 447 2967 487 3016; x_wconf 85' lang='lat' dir='ltr'>per</span> <span class='ocrx_word' id='word_1_295' title='bbox 502 2952 647 3002; x_wconf 82' lang='lat' dir='ltr'>conditionem</span> <span class='ocrx_word' id='word_1_296' title='bbox 662 2964 731 3002; x_wconf 86' lang='lat' dir='ltr'>orrors</span> <span class='ocrx_word' id='word_1_297' title='bbox 748 2957 842 3012; x_wconf 68' lang='lat' dir='ltr'>aptore.</span> <span class='ocrx_word' id='word_1_298' title='bbox 862 2965 926 3014; x_wconf 84' lang='lat' dir='ltr'>saepe</span> <span class='ocrx_word' id='word_1_299' title='bbox 942 2953 1010 3004; x_wconf 92' lang='lat' dir='ltr'>domi</span> <span class='ocrx_word' id='word_1_300' title='bbox 1028 2956 1155 3020; x_wconf 77' lang='lat' dir='ltr'>congressi,</span> 
     </span>
     <span class='ocr_line' id='line_1_34' title="bbox 220 3013 1154 3080; baseline 0.003 -13"><span class='ocrx_word' id='word_1_301' title='bbox 220 3023 342 3080; x_wconf 90' lang='lat' dir='ltr'>postremo</span> <span class='ocrx_word' id='word_1_302' title='bbox 356 3015 382 3064; x_wconf 88' lang='lat' dir='ltr'>iu</span> <span class='ocrx_word' id='word_1_303' title='bbox 398 3016 451 3066; x_wconf 81' lang='lat' dir='ltr'>aede</span> <span class='ocrx_word' id='word_1_304' title='bbox 465 3014 597 3079; x_wconf 82' lang='lat' dir='ltr'>Apollinis,</span> <span class='ocrx_word' id='word_1_305' title='bbox 612 3017 640 3063; x_wconf 86' lang='lat' dir='ltr'>ut</span> <span class='ocrx_word' id='word_1_306' title='bbox 655 3013 720 3062; x_wconf 83' lang='lat' dir='ltr'>lame</span> <span class='ocrx_word' id='word_1_307' title='bbox 739 3013 800 3072; x_wconf 85' lang='lat' dir='ltr'>luit,</span> <span class='ocrx_word' id='word_1_308' title='bbox 817 3014 940 3075; x_wconf 81' lang='lat' dir='ltr'>pepigere.</span> <span class='ocrx_word' id='word_1_309' title='bbox 955 3017 1033 3067; x_wconf 84' lang='lat' dir='ltr'>verbo</span> <span class='ocrx_word' id='word_1_310' title='bbox 1046 3031 1154 3079; x_wconf 77' lang='lat' dir='ltr'>vocesque</span> 
     </span>
     <span class='ocr_line' id='line_1_35' title="bbox 220 3075 1155 3140; baseline 0 -12"><span class='ocrx_word' id='word_1_311' title='bbox 220 3081 281 3129; x_wconf 90' lang='lat' dir='ltr'>duos</span> <span class='ocrx_word' id='word_1_312' title='bbox 298 3082 371 3128; x_wconf 86' lang='lat' dir='ltr'>testes</span> <span class='ocrx_word' id='word_1_313' title='bbox 390 3078 524 3140; x_wconf 76' lang='lat' dir='ltr'>habebant,</span> <span class='ocrx_word' id='word_1_314' title='bbox 544 3075 658 3126; x_wconf 85' lang='lat' dir='ltr'>Cluvium</span> <span class='ocrx_word' id='word_1_315' title='bbox 677 3075 770 3124; x_wconf 86' lang='lat' dir='ltr'>llulum</span> <span class='ocrx_word' id='word_1_316' title='bbox 789 3079 813 3123; x_wconf 86' lang='lat' dir='ltr'>et</span> <span class='ocrx_word' id='word_1_317' title='bbox 831 3075 920 3126; x_wconf 87' lang='lat' dir='ltr'>Silium</span> <span class='ocrx_word' id='word_1_318' title='bbox 939 3077 1063 3130; x_wconf 80' lang='lat' dir='ltr'>italicum.</span> <span class='ocrx_word' id='word_1_319' title='bbox 1081 3083 1155 3130; x_wconf 81' lang='lat' dir='ltr'>vultm</span> 
     </span>
     <span class='ocr_line' id='line_1_36' title="bbox 220 3135 1154 3206; baseline -0.001 -17"><span class='ocrx_word' id='word_1_320' title='bbox 220 3143 305 3202; x_wconf 92' lang='lat' dir='ltr'>procul</span> <span class='ocrx_word' id='word_1_321' title='bbox 320 3139 451 3191; x_wconf 89' lang='lat' dir='ltr'>visentibus</span> <span class='ocrx_word' id='word_1_322' title='bbox 465 3140 621 3188; x_wconf 80' lang='lat' dir='ltr'>notabantur.</span> <span class='ocrx_word' id='word_1_323' title='bbox 640 3135 733 3187; x_wconf 85' lang='lat' dir='ltr'>Vitellii</span> <span class='ocrx_word' id='word_1_324' title='bbox 750 3136 871 3200; x_wconf 85' lang='lat' dir='ltr'>projectus</span> <span class='ocrx_word' id='word_1_325' title='bbox 887 3142 913 3188; x_wconf 89' lang='lat' dir='ltr'>et</span> <span class='ocrx_word' id='word_1_326' title='bbox 930 3138 1047 3206; x_wconf 83' lang='lat' dir='ltr'>degener,</span> <span class='ocrx_word' id='word_1_327' title='bbox 1060 3142 1154 3193; x_wconf 87' lang='lat' dir='ltr'>Sabinus</span> 
     </span>
     <span class='ocr_line' id='line_1_37' title="bbox 220 3199 810 3263; baseline -0.003 -13"><span class='ocrx_word' id='word_1_328' title='bbox 220 3215 270 3250; x_wconf 88' lang='lat' dir='ltr'>non</span> <span class='ocrx_word' id='word_1_329' title='bbox 284 3201 401 3251; x_wconf 81' lang='lat' dir='ltr'>insultans</span> <span class='ocrx_word' id='word_1_330' title='bbox 414 3207 438 3250; x_wconf 86' lang='lat' dir='ltr'>et</span> <span class='ocrx_word' id='word_1_331' title='bbox 451 3201 574 3250; x_wconf 86' lang='lat' dir='ltr'>miseranti</span> <span class='ocrx_word' id='word_1_332' title='bbox 587 3199 694 3263; x_wconf 87' lang='lat' dir='ltr'>propior.</span> <span class='ocrx_word' id='word_1_333' title='bbox 807 3249 810 3256; x_wconf 78' lang='grc'><em>,</em></span> 
     </span>
    </p>

    <p class='ocr_par' dir='ltr' id='par_1_5' title="bbox 218 3261 1154 3638">
     <span class='ocr_line' id='line_1_38' title="bbox 250 3261 1153 3329; baseline 0.002 -17"><span class='ocrx_word' id='word_1_334' title='bbox 250 3262 335 3312; x_wconf 82' lang='lat' dir='ltr'>LXVI.</span> <span class='ocrx_word' id='word_1_335' title='bbox 350 3263 442 3320; x_wconf 86' lang='lat' dir='ltr'>Quodsi</span> <span class='ocrx_word' id='word_1_336' title='bbox 459 3268 508 3310; x_wconf 87' lang='lat' dir='ltr'>torn</span> <span class='ocrx_word' id='word_1_337' title='bbox 527 3263 597 3312; x_wconf 80' lang='lat' dir='ltr'>terite</span> <span class='ocrx_word' id='word_1_338' title='bbox 612 3274 714 3312; x_wconf 89' lang='lat' dir='ltr'>suorum</span> <span class='ocrx_word' id='word_1_339' title='bbox 728 3265 822 3312; x_wconf 89' lang='lat' dir='ltr'>mentes</span> <span class='ocrx_word' id='word_1_340' title='bbox 835 3261 945 3312; x_wconf 77' lang='lat' dir='ltr'>flexisset</span> <span class='ocrx_word' id='word_1_341' title='bbox 957 3263 1076 3316; x_wconf 88' lang='lat' dir='ltr'>Vitellius</span> <span class='ocrx_word' id='word_1_342' title='bbox 1088 3279 1153 3329; x_wconf 87' lang='lat' dir='ltr'>quam</span> 
     </span>
     <span class='ocr_line' id='line_1_39' title="bbox 221 3323 1154 3387; baseline 0.002 -13"><span class='ocrx_word' id='word_1_343' title='bbox 221 3325 270 3387; x_wconf 88' lang='lat' dir='ltr'>ipse</span> <span class='ocrx_word' id='word_1_344' title='bbox 284 3327 395 3386; x_wconf 86' lang='lat' dir='ltr'>cesserat,</span> <span class='ocrx_word' id='word_1_345' title='bbox 409 3326 559 3373; x_wconf 84' lang='lat' dir='ltr'>incruentam</span> <span class='ocrx_word' id='word_1_346' title='bbox 573 3323 665 3372; x_wconf 86' lang='lat' dir='ltr'>Urbem</span> <span class='ocrx_word' id='word_1_347' title='bbox 676 3323 819 3384; x_wconf 85' lang='lat' dir='ltr'>Vespasiani</span> <span class='ocrx_word' id='word_1_348' title='bbox 833 3323 951 3376; x_wconf 87' lang='lat' dir='ltr'>exercitus</span> <span class='ocrx_word' id='word_1_349' title='bbox 962 3323 1087 3378; x_wconf 84' lang='lat' dir='ltr'>intrasset.</span> <span class='ocrx_word' id='word_1_350' title='bbox 1099 3330 1154 3377; x_wconf 83' lang='lat' dir='ltr'>cete·</span> 
     </span>
     <span class='ocr_line' id='line_1_40' title="bbox 219 3383 1152 3451; baseline 0.002 -15"><span class='ocrx_word' id='word_1_351' title='bbox 219 3399 275 3436; x_wconf 88' lang='lat' dir='ltr'>rum</span> <span class='ocrx_word' id='word_1_352' title='bbox 289 3383 436 3445; x_wconf 88' lang='lat' dir='ltr'>utquisque</span> <span class='ocrx_word' id='word_1_353' title='bbox 450 3384 550 3433; x_wconf 83' lang='lat' dir='ltr'>Vitellio</span> <span class='ocrx_word' id='word_1_354' title='bbox 566 3385 641 3445; x_wconf 81' lang='lat' dir='ltr'>sidus,</span> <span class='ocrx_word' id='word_1_355' title='bbox 657 3385 691 3434; x_wconf 89' lang='lat' dir='ltr'>ita</span> <span class='ocrx_word' id='word_1_356' title='bbox 707 3399 791 3446; x_wconf 84' lang='lat' dir='ltr'>pacem</span> <span class='ocrx_word' id='word_1_357' title='bbox 805 3388 830 3433; x_wconf 88' lang='lat' dir='ltr'>et</span> <span class='ocrx_word' id='word_1_358' title='bbox 842 3386 994 3437; x_wconf 84' lang='lat' dir='ltr'>conditiones</span> <span class='ocrx_word' id='word_1_359' title='bbox 1007 3391 1152 3451; x_wconf 81' lang='lat' dir='ltr'>abnuebant,</span> 
     </span>
     <span class='ocr_line' id='line_1_41' title="bbox 220 3444 1152 3510; baseline 0.002 -14"><span class='ocrx_word' id='word_1_360' title='bbox 220 3465 234 3496; x_wconf 88' lang='lat' dir='ltr'>u</span> <span class='ocrx_word' id='word_1_361' title='bbox 247 3445 379 3494; x_wconf 73' lang='lat' dir='ltr'>discrimen</span> <span class='ocrx_word' id='word_1_362' title='bbox 392 3458 420 3491; x_wconf 89' lang='lat' dir='ltr'>ac</span> <span class='ocrx_word' id='word_1_363' title='bbox 432 3444 537 3492; x_wconf 87' lang='lat' dir='ltr'>dedecus</span> <span class='ocrx_word' id='word_1_364' title='bbox 551 3461 564 3490; x_wconf 83' lang='lat' dir='ltr'>u</span> <span class='ocrx_word' id='word_1_365' title='bbox 577 3447 739 3510; x_wconf 68' lang='lat' dir='ltr'>ostentarem,</span> <span class='ocrx_word' id='word_1_366' title='bbox 753 3450 801 3496; x_wconf 84' lang='lat' dir='ltr'>oet</span> <span class='ocrx_word' id='word_1_367' title='bbox 814 3447 889 3498; x_wconf 87' lang='lat' dir='ltr'>fidem</span> <span class='ocrx_word' id='word_1_368' title='bbox 900 3448 927 3496; x_wconf 92' lang='lat' dir='ltr'>in</span> <span class='ocrx_word' id='word_1_369' title='bbox 939 3449 1042 3500; x_wconf 88' lang='lat' dir='ltr'>libidine</span> <span class='ocrx_word' id='word_1_370' title='bbox 1055 3452 1152 3502; x_wconf 82' lang='lat' dir='ltr'>victoris.</span> 
     </span>
     <span class='ocr_line' id='line_1_42' title="bbox 218 3502 1153 3570; baseline 0.007 -14"><span class='ocrx_word' id='word_1_371' title='bbox 218 3526 232 3555; x_wconf 83' lang='lat' dir='ltr'>o</span> <span class='ocrx_word' id='word_1_372' title='bbox 246 3520 290 3555; x_wconf 87' lang='lat' dir='ltr'>nuc</span> <span class='ocrx_word' id='word_1_373' title='bbox 305 3509 396 3554; x_wconf 85' lang='lat' dir='ltr'>tantam</span> <span class='ocrx_word' id='word_1_374' title='bbox 413 3502 563 3563; x_wconf 86' lang='lat' dir='ltr'>Vespasiano</span> <span class='ocrx_word' id='word_1_375' title='bbox 577 3506 728 3570; x_wconf 85' lang='lat' dir='ltr'>superbiam,</span> <span class='ocrx_word' id='word_1_376' title='bbox 745 3512 773 3557; x_wconf 87' lang='lat' dir='ltr'>ut</span> <span class='ocrx_word' id='word_1_377' title='bbox 786 3508 910 3570; x_wconf 79' lang='lat' dir='ltr'>priuatum</span> <span class='ocrx_word' id='word_1_378' title='bbox 923 3511 1052 3562; x_wconf 89' lang='lat' dir='ltr'>Vitellium</span> <span class='ocrx_word' id='word_1_379' title='bbox 1121 3526 1153 3562; x_wconf 84' lang='lat' dir='ltr'>re·</span> 
     </span>
     <span class='ocr_line' id='line_1_43' title="bbox 219 3564 1153 3638; baseline 0.009 -22"><span class='ocrx_word' id='word_1_380' title='bbox 219 3586 232 3616; x_wconf 83' lang='lat' dir='ltr'>o</span> <span class='ocrx_word' id='word_1_381' title='bbox 246 3572 286 3617; x_wconf 88' lang='lat' dir='ltr'>tur</span> <span class='ocrx_word' id='word_1_382' title='bbox 299 3582 306 3616; x_wconf 74' lang='grc' dir='ltr'>ι</span> <span class='ocrx_word' id='word_1_383' title='bbox 321 3579 352 3616; x_wconf 88' lang='lat' dir='ltr'>ne</span> <span class='ocrx_word' id='word_1_384' title='bbox 365 3564 441 3614; x_wconf 84' lang='lat' dir='ltr'>victos</span> <span class='ocrx_word' id='word_1_385' title='bbox 454 3564 553 3626; x_wconf 87' lang='lat' dir='ltr'>quidem</span> <span class='ocrx_word' id='word_1_386' title='bbox 567 3566 668 3615; x_wconf 89' lang='lat' dir='ltr'>laturos.</span> <span class='ocrx_word' id='word_1_387' title='bbox 687 3569 721 3618; x_wconf 84' lang='lat' dir='ltr'>itn</span> <span class='ocrx_word' id='word_1_388' title='bbox 734 3569 871 3630; x_wconf 89' lang='lat' dir='ltr'>periculum</span> <span class='ocrx_word' id='word_1_389' title='bbox 889 3586 918 3622; x_wconf 88' lang='lat' dir='ltr'>ex</span> <span class='ocrx_word' id='word_1_390' title='bbox 932 3572 1046 3624; x_wconf 88' lang='lat' dir='ltr'>miserico</span> <span class='ocrx_word' id='word_1_391' title='bbox 1077 3577 1109 3627; x_wconf 84' lang='lat' dir='ltr'>ia.</span> <span class='ocrx_word' id='word_1_392' title='bbox 1122 3576 1153 3638; x_wconf 85' lang='lat' dir='ltr'>ip</span> 
     </span>
    </p>
   </div>
   <div class='ocr_carea' id='block_1_5' title="bbox 220 3627 1152 3702">
    <p class='ocr_par' dir='ltr' id='par_1_6' title="bbox 220 3627 1152 3702">
     <span class='ocr_line' id='line_1_44' title="bbox 220 3627 1152 3702; baseline 0.011 -24"><span class='ocrx_word' id='word_1_393' title='bbox 220 3642 301 3680; x_wconf 82' lang='lat' dir='ltr'>usum</span> <span class='ocrx_word' id='word_1_394' title='bbox 315 3639 472 3702; x_wconf 75' lang='lat' dir='ltr'>sanesenem</span> <span class='ocrx_word' id='word_1_395' title='bbox 486 3628 512 3675; x_wconf 86' lang='lat' dir='ltr'>et</span> <span class='ocrx_word' id='word_1_396' title='bbox 525 3627 646 3688; x_wconf 84' lang='lat' dir='ltr'>prosperis</span> <span class='ocrx_word' id='word_1_397' title='bbox 659 3629 943 3692; x_wconf 69' lang='lat' dir='ltr'>aduersisquemtiatum</span> <span class='ocrx_word' id='word_1_398' title='bbox 958 3637 1022 3687; x_wconf 83' lang='lat' dir='ltr'>:sed</span> <span class='ocrx_word' id='word_1_399' title='bbox 1037 3641 1102 3702; x_wconf 81' lang='lat' dir='ltr'>quod</span> <span class='ocrx_word' id='word_1_400' title='bbox 1114 3651 1152 3688; x_wconf 90' lang='lat' dir='ltr'>no·</span> 
     </span>
    </p>
   </div>
   <div class='ocr_carea' id='block_1_6' title="bbox 0 0 1222 4090">
    <p class='ocr_par' dir='ltr' id='par_1_7' title="bbox 0 0 1222 4090">
     <span class='ocr_line' id='line_1_45' title="bbox 0 0 1222 4090; baseline 0 4"><span class='ocrx_word' id='word_1_401' title='bbox 0 0 1222 4090; x_wconf 95' lang='lat' dir='ltr'> </span> 
     </span>
    </p>
   </div>
  </div>
 </body>
</html>
