2524 4088
260 271 454 324 Dlltoeue
474 273 544 324 SUR
561 273 627 325 Lus
649 275 858 326 ont'lellns.
977 273 1028 326 sss

82 385 143 442 moi
154 401 185 442 ee
199 401 254 459 que
262 385 291 457 je'
307 385 377 444 tiens
388 386 423 445 de
439 385 622 457 moissmdme,
638 391 666 444 et
677 403 735 444 non
748 389 815 444 d’un
829 393 920 458 autre,
935 405 967 446 ce
979 391 1028 462 qui
1120 381 1124 388 ’

75 468 120 542 pre
134 481 164 523 se
176 470 313 524 transmet
325 469 405 540 point
421 483 473 540 per
487 468 536 526 des
549 469 696 541 codicilles,
706 486 737 526 ce
748 472 797 543 qni
810 487 846 526 ne
861 472 936 527 vient
951 473 1029 544 point

82 563 136 620 par
148 548 175 606 le
194 551 300 608 leveur.
319 550 401 606 Est-it
415 567 456 607 un
469 554 514 606 ert
527 553 576 625 qui
588 553 680 610 donne
691 569 748 609 une
761 554 849 624 gleire
862 558 890 610 et
903 570 943 610 un
958 553 1029 611 dolet

81 633 272 705 comparabtes
285 634 302 690 i
315 634 407 690 l'eclet
424 650 480 708 que
493 634 586 690 donne
599 635 784 707 l'eloquence,
802 638 1028 693 non-seulement

81 711 153 768 dens
165 715 264 784 Rome,
278 715 381 788 eupres
394 715 441 772 des
449 714 577 772 hommes
588 714 698 773 serieux
706 720 734 774 et
745 718 862 790 occupes
874 717 1027 786 d'elfeires,

80 794 153 850 mois
171 797 262 867 parmi
280 797 321 852 tes
334 798 434 869 jeunes
452 797 581 854 hommes
595 801 623 853 et
638 797 677 853 les
692 800 871 869 adolescents,
889 816 960 872 pour
973 815 1027 872 peu
1077 797 1080 804 '

82 875 168 948 qrr’ils
180 879 255 936 aient
267 895 323 937 une
338 885 439 936 nature
453 881 542 937 droite
560 883 589 936 et
605 879 739 954 quelques
754 881 915 953 espe'rences
934 883 1028 938 d'eux-

82 958 215 1016 memes?
229 961 312 1028 Quels
321 964 384 1017 sont
392 960 432 1017 les
443 977 525 1018 noms
531 977 586 1035 que
592 961 633 1018 les
641 961 723 1035 peres
733 965 907 1035 apprennent
913 961 1036 1018 d’abord·

80 1037 337 1099 erementanos
363 1043 449 1112 Quels
467 1047 528 1100 sont
547 1059 617 1101 ceux
634 1059 688 1116 quo
703 1044 732 1100 le
746 1041 822 1100 toute
840 1044 987 1117 ignorante
1002 1045 1030 1099 et

51 1151 55 1160 ·
79 1121 131 1186 les¹
141 1124 282 1198 plebeiens
295 1141 331 1182 en
345 1127 463 1199 tunique
476 1131 624 1184 nomment
644 1131 672 1184 et
694 1127 838 1200 designent
851 1129 878 1183 le
889 1129 952 1200 plus
966 1142 1029 1184 sou·

80 1211 151 1264 vent
164 1207 203 1264 du
216 1209 317 1280 doigt?
335 1211 387 1265 Les
398 1209 551 1281 ttrengers‚
564 1210 605 1266 les
618 1225 774 1282 vopegeurs
785 1210 971 1281 eux-memes,
979 1211 1030 1283 qui

79 1287 145 1362 dei
165 1295 214 1346 ont
231 1291 353 1348 entendu
371 1290 465 1363 parler
484 1290 532 1347 des
546 1296 672 1348 orateurs
691 1292 762 1348 dens
775 1293 817 1349 les
830 1294 987 1365 municipes
1001 1298 1031 1350 et

79 1371 125 1430 les
143 1374 274 1445 colonies‚
294 1372 312 1428 a
330 1375 412 1447 peine
432 1374 538 1431 arrives
558 1375 666 1432 densle
680 1376 755 1445 ville,
773 1377 813 1432 tes
825 1375 987 1446 oberobent,
1002 1381 1030 1433 et

79 1453 242 1512 souheitent
255 1456 291 1512 de
306 1455 451 1514 conneltre
464 1455 526 1511 leur
541 1455 640 1528 ligure.

118 1537 187 1594 Vltl.
204 1558 219 1592 r
235 1539 380 1596 Marcellus
394 1529 494 1610 Eprius
506 1539 574 1594 dont
584 1539 634 1611 J’ei
650 1540 737 1611 perle',
753 1541 866 1612 Crispus
878 1539 974 1595 Vibius
989 1539 1030 1610 (je

79 1617 138 1675 cite
147 1619 200 1676 'des
216 1620 277 1676 leits
290 1636 439 1677 noureauu
453 1624 480 1676 et
495 1621 545 1692 qui
561 1635 631 1676 nous
641 1621 778 1677 touchent
792 1620 827 1676 de
841 1619 1030 1693 preferentes

80 1699 132 1756 des
146 1699 208 1758 leits
222 1703 337 1759 enciens
349 1705 380 1759 et
391 1701 514 1774 oublies)
531 1718 567 1756 ue
582 1705 644 1756 sont
658 1717 706 1774 pes
720 1703 811 1758 moins
825 1717 942 1769 eonnus,
949 1701 1031 1773 jbso·

81 1784 128 1839 rei
141 1783 299 1854 lbffirmer,
309 1799 363 1841 eux
371 1783 530 1841 extremites
541 1783 576 1838 de
589 1783 715 1854 taleme,
730 1783 797 1857 qu’b
805 1782 1031 1840 Verceiletha·

80 1881 170 1941 poue,
187 1867 249 1924 leur
261 1869 367 1941 patrie;
384 1870 412 1924 et
430 1870 501 1924 cette
514 1866 699 1936 illustration,
713 1867 748 1924 ils
761 1867 790 1924 le
803 1865 916 1924 doivent
928 1865 989 1922 l’un
1002 1869 1032 1922 et

80 1949 201 2020 l’autre‚
220 1965 278 2007 non
290 1965 340 2022 pes
353 1948 370 2006 d
382 1950 458 2006 leurs
476 1949 543 2005 trois
558 1947 682 2004 milliens
696 1949 730 2004 de
744 1953 891 2019 sesterces,
911 1949 1032 2020 quoique

13 2033 14 2036 ’
82 2046 130 2089 ces
139 2031 273 2088 riohesses
285 2032 408 2104 puissent
423 2030 481 2086 dtre
493 2029 640 2102 regarde'es
652 2045 762 2087 comme
772 2029 987 2102 laremmpense
996 2030 1031 2086 de

14 2183 15 2186 Ἴ
81 2114 147 2170 leur
159 2115 247 2170 telent
254 2155 264 2184 ,
278 2114 350 2170 meis
364 2111 380 2168 i
395 2112 568 2184 l'eloquence
587 2112 679 2179 seule,
698 2111 716 2168 e
732 2112 904 2184 t’eloquence
920 2113 987 2168 dont
1002 2112 1032 2168 la

14 2265 15 2270 γ
83 2196 160 2254 lorce
171 2195 355 2253 surhumeine
369 2198 398 2251 et
410 2195 529 2251 divinee
544 2193 647 2263 donne,
657 2195 727 2251 dens
741 2199 801 2250 tous
811 2193 852 2250 les
864 2194 970 2264 si'ecles,
983 2194 1032 2252 des

83 2294 203 2352 preuves
213 2279 396 2336 nombreuses
409 2277 444 2336 de
457 2277 487 2334 la
501 2276 586 2334 haute
600 2275 712 2332 fortune
723 2276 761 2333 oin
773 2276 815 2333 les
825 2277 954 2334 hommes
964 2293 1032 2350 peu·

83 2364 153 2418 rent
163 2360 279 2418 s'etever
291 2375 344 2433 par
354 2360 383 2416 la
395 2359 540 2432 puissence
554 2357 592 2414 du
607 2358 696 2430 genie.
712 2361 764 2416 Les
779 2358 907 2433 lsitsque
915 2357 945 2431 je
954 2359 1032 2416 niens

15 2559 16 2612 g
84 2551 136 2596 tur.
153 2547 204 2593 tum
219 2543 281 2592 mibi
294 2557 369 2605 supra
381 2543 521 2593 tribunatus
537 2545 562 2593 et
576 2547 694 2604 praeturos
712 2545 737 2591 et
750 2542 887 2592 consulatus
901 2541 1032 2592 oscendere

15 2617 16 2624 ’
84 2607 179 2668 videor,
193 2609 247 2654 tum
260 2605 350 2654 hebere
362 2607 427 2666 quod
439 2606 466 2655 in
476 2619 501 2655 se
515 2618 565 2654 non
579 2605 606 2652 in
615 2604 662 2652 elio
674 2602 762 2666 oritur,
773 2617 818 2653 neo
829 2603 949 2653 codicillis
959 2605 1033 2653 detur

84 2681 133 2719 nec
146 2681 203 2717 cum
217 2668 296 2730 gratia
310 2667 385 2716 venit.
404 2669 465 2727 Quae
478 2669 542 2716 loma
558 2669 584 2715 et
602 2669 654 2714 laus
669 2665 740 2726 cujus
758 2665 816 2714 artis
836 2680 892 2714 cum
907 2668 1031 2716 oratorum

84 2728 166 2795 gloria
178 2730 341 2790 comparanda
351 2729 406 2779 est?
421 2729 523 2792 quinem
536 2727 683 2777 illustriores
696 2730 722 2776 in
736 2727 801 2777 Urbe
813 2741 863 2777 non
874 2727 955 2777 solum
967 2729 1032 2790 apud

85 2791 225 2852 negotiosos
238 2795 262 2839 et
272 2793 347 2840 rebus
359 2791 474 2853 intentos,
489 2792 530 2840 sed
544 2789 618 2840 etiam
634 2790 698 2851 apud
710 2789 811 2851 juvenes
823 2792 847 2838 et
860 2790 1033 2853 adolescentes,

85 2853 179 2916 quibus
192 2853 264 2900 modo
278 2856 346 2902 recta
362 2856 387 2901 et
401 2854 494 2902 indoles
507 2858 542 2900 est
562 2855 587 2901 et
601 2852 665 2900 bone
678 2865 732 2913 spes
744 2851 798 2901 sui?
813 2865 919 2913 quorum
931 2853 1033 2901 nomino

86 2915 158 2978 prius
167 2917 279 2975 parentes
291 2914 373 2963 liberis
387 2916 436 2964 suis
454 2913 584 2977 ingerunt?
598 2925 657 2974 quos
674 2913 762 2976 sepius
774 2916 864 2977 vulgus
876 2927 973 2974 quoquc
987 2913 1032 2962 im-

85 2977 196 3040 peritum
206 2982 229 3025 et
240 2976 362 3024 tunicatus
375 2976 415 3026 nic
432 2978 537 3037 populus
555 2978 706 3024 transeuntes
726 2975 825 3024 nomine
839 2979 908 3022 rorat
922 2978 946 3023 et
956 2974 1032 3036 digito

86 3037 257 3088 demonstret?
270 3039 370 3085 advenas
384 3050 482 3097 quoque
495 3041 519 3085 et
533 3037 656 3099 peregrini
668 3035 722 3096 jorn
733 3037 760 3085 in
773 3035 913 3096 municipiis
929 3038 954 3084 et
967 3037 1033 3083 coto·

86 3099 136 3150 niis
144 3098 194 3148 suis
207 3098 312 3162 auditos,
327 3111 404 3160 quum
418 3098 525 3159 primum
536 3099 627 3147 Urbem
636 3099 777 3160 attigerunt,
788 3096 918 3158 requirunt
927 3109 954 3144 oc
965 3099 1033 3146 vetut

87 3175 221 3224 agnoscere
236 3161 419 3222 concupiscunt.

120 3222 188 3271 tht.
200 3237 214 3268 o
227 3222 314 3271 Ausim
330 3221 476 3270 contendere
488 3220 633 3268 Marcellum
646 3219 714 3267 hunc
727 3217 839 3290 Epriump
855 3219 885 3267 de
898 3231 946 3279 quo
959 3220 1032 3269 modo

88 3287 187 3335 locutus
200 3297 266 3355 sum,
277 3288 301 3332 et
315 3284 427 3355 Crispum
443 3281 547 3329 Vibium
570 3279 686 3329 libentius
699 3280 766 3329 enim
780 3293 848 3328 nous
859 3284 884 3329 et
895 3282 1032 3330 recentibus

87 3359 164 3408 quern
178 3349 277 3395 rcmotrs
289 3348 313 3394 et
328 3343 463 3394 obliteratis
477 3357 562 3404 exemp
573 3342 592 3391 is
612 3341 678 3403 utor)
699 3355 748 3390 non
763 3341 845 3390 minus
864 3357 916 3392 esse
929 3349 990 3393 cotos
1006 3343 1031 3391 in

88 3406 205 3458 extremis
221 3405 330 3467 partibus
342 3412 462 3455 terrarum
476 3418 551 3466 quom
567 3404 657 3465 Capuae
671 3409 714 3453 aut
731 3403 860 3468 Vercellis,
874 3405 918 3453 ubi
933 3406 982 3454 noti
996 3405 1032 3453 di·

87 3473 188 3519 cuntur.
198 3481 244 3516 nec
256 3468 302 3516 boc
314 3468 350 3514 illi
362 3468 460 3516 alterive
470 3472 506 3515 ter
518 3466 607 3515 millies
619 3465 754 3515 sestertium
767 3470 873 3528 prestat,
884 3480 1032 3527 quamquem

87 3533 120 3582 cd
134 3532 178 3578 bas
195 3530 260 3590 ipsos
279 3542 337 3591 opes
355 3534 455 3601 possunt
472 3526 549 3577 rideri
570 3527 716 3589 eloquentiae
737 3528 854 3577 beneficio
874 3527 1032 3598 venissepsed

88 3595 142 3655 ipsa
154 3591 307 3654 eloquentia;
322 3604 394 3650 copus
407 3605 500 3640 numen
513 3593 539 3639 et
553 3591 656 3640 coelestis
668 3590 703 3639 vis
714 3592 791 3638 multa
805 3590 905 3650 quidem
919 3589 1032 3637 omnibus

88 3653 186 3704 saeculis
199 3655 309 3714 exempto
324 3651 409 3714 edidit,
429 3653 461 3702 ad
479 3665 555 3714 quum
573 3666 652 3715 usque
668 3652 793 3702 tortunam
806 3651 916 3702 homines
938 3651 1031 3713 ingenii
