2524 4088
225 275 271 326 tor
586 301 588 306 ·
614 289 739 338 ιιιίιιι.

225 389 259 446 de
273 405 302 447 se
315 392 403 462 levor,
418 393 451 449 de
470 393 562 466 parler
580 409 617 450 au
636 394 733 450 millen
749 394 788 450 du
808 393 909 450 silence
929 391 1082 461 universal,
1097 391 1170 449 d'at-

224 475 293 532 tirel·
301 491 351 532 sur
364 477 404 532 soi
415 480 478 534 taus
490 477 532 532 les
546 477 679 547 regards!
695 477 729 532 de
739 477 799 532 voit·
809 477 835 532 le
844 474 943 548 peuple
956 475 1094 544 accourir,
1104 474 1168 532 d'en

224 555 281 612 cire
291 558 417 627 entoure,
428 557 462 614 do
473 560 607 628 recevoir,
621 559 692 616 dans
700 561 790 614 tontes
800 558 840 614 les
852 559 1063 626 circonstances,
1080 557 1170 614 lest'e

223 639 384 710 moignages
393 639 427 696 de
437 657 486 698 son
499 641 646 698 allection!
663 643 699 696 Ge
713 643 774 701 sont
786 640 868 696 lirlos
880 641 950 712 joics
964 638 1113 712 publiques
1122 641 1170 698 dos

222 726 359 790 orateurs,
371 723 454 780 celles
463 725 513 796 qui
524 723 651 796 lrappcnt
664 723 703 779 les
714 739 783 795 pour
794 722 885 779 meme
895 722 935 778 les
945 721 1036 777 moins
1044 723 1168 780 exercds.

223 803 246 858 ll
260 819 295 859 en
310 808 351 860 est
365 806 486 864 d'autrcs
505 808 566 879 plus
587 806 713 876 secretas,
729 821 850 862 connues
869 803 1024 860 seulement
1044 805 1079 860 de
1100 821 1170 862 ceux

224 887 273 960 qui
287 889 408 959 parient,
420 895 447 946 et
457 891 523 965 <plus
538 890 667 962 grandes.
683 889 782 958 Quand
792 889 926 945 l'oraleur
940 887 1031 943 arrive
1047 904 1115 945 avec
1129 906 1169 944 un

223 969 347 1028 discours
369 973 590 1045 soigncnsement
608 972 734 1046 prepare,
749 988 780 1028 sa
798 970 911 1041 diction,
930 986 1041 1026 comme
1054 987 1086 1027 sa
1099 971 1168 1044 joie,

223 1057 362 1126 cotgrave
377 1060 404 1111 et
417 1059 565 1112 contende.
581 1055 680 1123 Quarrd
695 1056 715 1110 il
729 1055 821 1111 arrive
835 1069 903 1109 avec
917 1067 971 1108 une
986 1069 1084 1110 oeuvre
1097 1071 1171 1111 nou-

223 1132 293 1188 velle
304 1138 331 1189 et
340 1135 500 1205 inacheve'e,
512 1136 662 1206 l'e'motion,
672 1134 854 1207 l'inquidtnde
863 1132 1033 1202 elle-meme,
1042 1133 1171 1192 donncnt

224 1215 286 1286 plus
307 1216 340 1272 de
360 1217 421 1288 prix
441 1233 478 1273 au
499 1217 602 1286 succ'es,
617 1222 644 1274 et
659 1218 768 1274 llattent
783 1214 895 1289 jusqu’a
913 1231 963 1272 son
983 1214 1124 1273 honheur.
1151 1219 1171 1274 ll

223 1300 323 1354 trouve
342 1299 382 1356 ies
402 1301 464 1373 plus
481 1300 600 1372 grandes
621 1301 755 1356 douceurs
774 1300 843 1356 dans
860 1299 900 1356 les
911 1297 1069 1356 hardicsses
1088 1304 1114 1356 et
1131 1301 1172 1358 les

224 1378 366 1438 teme'rites
379 1383 551 1457 imprevues3
566 1399 613 1440 car
627 1383 730 1456 l'esprit
744 1382 895 1438 ressemble
909 1381 926 1438 a
939 1381 968 1438 la
982 1384 1078 1439 terre:
1093 1383 1114 1438 il
1129 1389 1172 1439 est

222 1461 270 1518 des
284 1465 458 1536 productions
475 1468 523 1539 qui
541 1467 656 1524 veulent
675 1467 713 1522 du
731 1470 820 1538 temps
839 1469 866 1522 et
879 1465 928 1521 des
942 1465 1028 1534 soins,
1042 1469 1115 1522 mais
1130 1467 1172 1523 les

222 1545 284 1618 plus
298 1549 441 1621 agreahles
452 1555 514 1606 sont
529 1550 611 1608 celles
623 1549 672 1622 qui
686 1549 809 1606 naissent
822 1547 1049 1606 d’elles-mdmes.

258 1631 314 1688 Vll.
340 1651 353 1686 ι
378 1634 451 1688 Ροιιι
464 1633 536 1699 moi,
555 1649 590 1688 en
610 1649 641 1689 ce
659 1637 708 1704 qui
721 1647 768 1687 me
783 1647 930 1701 conceme,
942 1629 1101 1703 j'avouerai
1113 1645 1171 1704 que

221 1713 249 1770 lc
259 1714 324 1786 jour
337 1714 375 1770 cir
384 1715 435 1788 j'ai
449 1731 516 1786 recu
525 1716 551 1771 le
558 1715 698 1784 leticiam,
711 1715 737 1772 lc
750 1715 816 1786 jour
831 1713 881 1784 oia,
894 1713 1010 1770 homme
1025 1730 1170 1786 nouveau,

221 1796 257 1852 ne
269 1797 339 1854 dans
354 1814 393 1853 un
408 1813 476 1870 papa
489 1801 585 1854 contre
599 1795 693 1868 laquel
705 1813 743 1852 on
758 1797 799 1852 cst
813 1795 950 1868 pravenu,
963 1799 992 1868 jc
1007 1795 1053 1850 lus
1065 1797 1171 1854 investi

219 1877 255 1934 de
267 1877 297 1933 la
309 1882 453 1950 questura,
472 1895 504 1934 ce
521 1877 631 1952 jour-ld
649 1879 691 1934 lut
706 1879 798 1934 moins
818 1877 945 1934 heureux
960 1891 1015 1950 que
1031 1878 1105 1934 celui
1118 1878 1170 1949 oir,

220 1961 331 2016 suivant
344 1961 385 2017 les
398 1975 556 2018 ressonrces
568 1963 602 2017 de
614 1977 682 2018 mon
691 1960 777 2016 laible
793 1960 949 2032 talent‚1‘'ai
963 1976 1002 2032 pu
1016 1975 1120 2016 saurer
1129 1979 1171 2018 un

220 2043 334 2114 accuse,
349 2044 456 2116 plaider
470 2043 689 2102 heurcusement
701 2059 757 2100 une
772 2058 852 2100 cause
867 2043 970 2100 devant
983 2042 1024 2098 les
1039 2046 1172 2100 centum·

220 2129 289 2198 virs,
312 2127 445 2186 delendre
460 2127 560 2201 aupr'es
573 2126 612 2184 du
628 2129 724 2200 prince
743 2127 784 2183 les
797 2125 959 2196 allranchis,
979 2125 1021 2182 les
1036 2137 1172 2200 procura·
1241 2129 1242 2138 ’

220 2215 296 2268 leurs
310 2211 358 2268 des
372 2212 491 2284 princes.
507 2211 529 2268 ll
544 2227 590 2268 me
609 2210 715 2268 semble
733 2211 807 2269 alors
821 2225 875 2283 que
885 2210 914 2281 jc
926 2208 1043 2266 m'c'lcvc
1055 2211 1172 2267 au-des-
1241 2259 1242 2282 ,

220 2311 268 2354 sus
281 2295 328 2354 des
340 2296 478 2352 tribunatia
483 2337 493 2366 ,
516 2296 564 2352 des
582 2295 709 2369 pretures
723 2297 751 2350 et
764 2292 813 2352 des
827 2293 984 2363 consulats,
1000 2309 1056 2367 que
1066 2294 1119 2366 J'ai
1133 2311 1171 2352 en

172 2499 177 2513 ¹
219 2494 303 2540 torum
316 2489 446 2539 comitatus
459 2491 484 2538 et
497 2501 618 2562 egressus,
631 2501 686 2552 quae
700 2489 725 2536 in
739 2487 837 2550 publico
848 2485 948 2560 species,
963 2499 1019 2547 quae
1027 2487 1054 2535 in
1065 2487 1174 2549 indiciis

219 2552 354 2615 veneratio,
368 2553 433 2614 quod
448 2553 564 2614 qaudrum
578 2550 741 2611 consurgendi
752 2549 925 2610 assistendiqne
936 2551 1001 2598 mter
1014 2553 1128 2600 tacentes
1146 2559 1172 2604 et

219 2615 246 2664 in
259 2629 336 2664 unum
349 2611 488 2662 conversos!
504 2613 569 2662 coire
584 2615 702 2675 populum
716 2615 743 2662 et·
756 2609 922 2660 circumfundi
935 2624 1052 2660 coronam
1066 2617 1092 2661 ct
1106 2615 1173 2664 acci·

169 2711 174 2718 -
221 2691 277 2740 pere
290 2678 414 2738 allectum,
428 2689 600 2738 quemcunque
611 2678 691 2723 orator
707 2671 827 2722 induerit!
840 2673 949 2734 Vulgata
962 2673 1097 2723 dicentium
1110 2690 1173 2736 gau-

219 2739 261 2789 dia
272 2742 298 2787 et
312 2739 482 2801 imperitorum
495 2750 592 2798 quoque
612 2736 688 2785 oculis
701 2735 807 2797 exposita
824 2747 955 2796 percenseo
972 2749 978 2782 ι
993 2735 1037 2784 illa
1050 2738 1173 2789 secretior
1241 2773 1242 2806 3

219 2806 244 2850 et
257 2803 352 2850 tantum
366 2799 423 2860 ipsis
438 2799 561 2848 orantibus
577 2801 635 2846 nota
647 2796 742 2858 majora
756 2801 821 2846 sunt.
842 2796 891 2845 sive
906 2799 1048 2846 accuratam
1061 2801 1172 2849 medita-

220 2867 320 2922 tamque
339 2862 430 2923 prolcrt
445 2860 594 2925 orationem,
614 2861 649 2908 est
667 2860 790 2920 quoddam
808 2858 871 2907 sicut
890 2857 965 2920 ipsius
985 2857 1116 2925 dictionis,
1135 2864 1171 2912 ita

219 2923 301 2986 gaudii
314 2923 409 2984 pondus
423 2923 448 2970 et
461 2921 607 2982 constantia,
618 2921 667 2969 sive
680 2935 766 2969 nonam
779 2922 803 2968 et
815 2923 939 2969 recentem
950 2933 1036 2969 curam
1050 2935 1101 2971 non
1116 2923 1172 2974 sinc

219 2987 300 3048 aliqua
313 2983 473 3046 trepidatione
486 2981 565 3031 animi
579 2983 695 3044 attulerit,
706 2983 756 3044 ipsa
768 2982 904 3031 sollicitudo
919 2983 1079 3032 commendat
1094 2999 1170 3035 cvcn·

219 3052 273 3096 tnui
286 3050 310 3095 et
323 3045 475 3094 lenocinatur
488 3043 616 3105 voluptati.
630 3045 672 3092 sed
686 3043 857 3106 extemporalis
878 3043 986 3094 audacias
1001 3049 1076 3108 alque
1091 3047 1171 3108 ipsium

218 3107 361 3160 temeritatis
375 3110 413 3158 nel
428 3107 550 3170 praecipua
561 3105 704 3166 jucunditas
721 3110 766 3156 est.
780 3120 837 3157 nam
850 3105 877 3154 in
889 3104 990 3168 ingenio
1004 3121 1120 3172 quoque,
1136 3111 1172 3160 si.

217 3175 258 3219 cut
271 3171 296 3219 in
310 3183 370 3231 agro
383 3182 532 3231 quamquam
545 3167 595 3217 alin
608 3167 651 3216 diu
663 3171 776 3219 serantur
789 3173 861 3230 atque
875 3167 1040 3232 elaborentur,
1056 3173 1171 3232 gratiora

217 3237 299 3282 tamen
312 3243 367 3292 quaa
380 3245 424 3280 sua
435 3236 520 3293 sponte
533 3232 675 3280 nascuntur.

248 3292 304 3342 VII.
317 3308 331 3338 n
345 3292 474 3355 Equidem,
494 3297 523 3342 ut
536 3293 566 3343 de
583 3305 622 3341 me
643 3292 693 3354 ipse
709 3293 793 3354 fatear,
807 3304 857 3341 non
877 3303 936 3339 eum
955 3290 1023 3340 diem
1042 3293 1169 3344 laetiorem

217 3352 266 3416 egi,
280 3366 329 3414 quo
340 3353 404 3401 mihi
413 3355 477 3402 latus
487 3356 569 3404 claim
580 3355 676 3404 oblatus
690 3355 738 3416 est,
750 3356 789 3402 vel
805 3367 852 3414 quo
866 3353 941 3400 homo
958 3366 1034 3400 novus
1051 3358 1076 3402 et
1090 3357 1118 3404 in
1130 3357 1168 3404 ci·

218 3415 288 3464 vitate
308 3412 410 3463 minime
429 3415 555 3463 lavorabili
568 3420 638 3464 natus
652 3420 799 3476 quaesturam
814 3418 856 3463 aut
875 3414 1031 3464 tribunatum
1044 3420 1088 3465 aut
1104 3432 1172 3479 prm·

217 3481 300 3526 turam
313 3475 405 3546 accepi,
419 3488 493 3535 quam
508 3490 549 3543 eps
560 3476 649 3536 quibus
664 3477 725 3524 mihi
740 3490 784 3537 pro
800 3475 968 3525 mediocritate
988 3476 1063 3538 huius
1083 3493 1169 3540 quan·

216 3540 383 3597 tulaecnmque
398 3550 425 3584 ιιι
439 3535 542 3584 dicendo
559 3539 679 3586 facultatis
692 3541 735 3586 aul
753 3551 824 3586 reum
841 3550 957 3598 prospere
971 3538 1105 3588 defendere
1121 3547 1168 3592 aut

217 3601 281 3660 apud
291 3596 456 3648 centumviros
464 3610 564 3646 causam
576 3599 684 3660 aliquam
695 3599 796 3648 ielicitcr
807 3613 877 3648 orare
890 3602 933 3648 aut
944 3599 1009 3661 apud
1021 3599 1168 3664 Principem

216 3661 280 3721 ipsos
289 3660 345 3710 illas
354 3659 454 3710 libertos
469 3662 494 3709 ot
506 3663 675 3722 procuratores
691 3660 833 3724 Principum
848 3661 913 3711 tucri
929 3663 954 3710 et
971 3661 1106 3714 detondere
1121 3666 1168 3714 da·
