2492 4080
280 265 472 318 Dillioallli
492 265 562 316 still
580 266 648 317 LES
666 264 873 316 audracus.
987 262 1040 315 Μ

94 379 229 450 ignorans
236 397 245 450 ;
254 377 385 451 j'atlands
398 379 574 435 maintenant
586 394 641 452 qne
655 393 723 434 vous
738 393 811 434 nous
824 375 975 450 appieniea
987 391 1040 449 par

92 461 176 533 queis
190 460 337 530 examines,
351 459 494 533 lorsqn'ils
507 461 654 530 entiaient,
667 459 767 531 jeanes
780 459 920 528 hommes,
929 459 1040 516 auberi-

92 557 175 612 reati,
191 543 225 598 ils
240 542 403 599 lortifiaient
416 546 443 598 et
458 544 662 600 eatretenaient
675 541 738 599 leur
748 541 853 612 talent3
868 557 956 598 carco
969 542 1040 598 n'est

92 626 175 697 point
187 625 251 682 l'art
266 629 294 681 at
308 625 337 680 la
355 625 474 694 sciense,
488 625 559 682 mais
572 624 602 682 lu
616 625 760 698 paissancc
777 623 813 680 de
826 623 855 680 le
872 622 969 696 parole
989 623 1040 702 qui

94 707 148 763 lait
158 707 300 764 l’oratoiir.
315 709 390 763 vous
400 706 598 778 etes‚jecr0ts,
609 708 643 764 da
658 711 702 763 aet
715 706 785 775 avis,
794 710 823 763 et
834 706 864 778 je
877 705 964 764 volsa
975 705 1040 763 l'air

93 788 130 846 da
143 805 195 845 nos
211 790 282 847 ainis
300 788 383 863 qu'ils
396 791 620 864 m'approuvent.
633 810 648 846 a
664 793 739 862 Aper
752 792 781 846 et
793 789 935 847 securim
952 793 1039 862 auant

92 870 221 944 mpondu
243 871 502 942 affirmativement‚
523 871 641 930 llessala
663 871 769 944 repril,
794 887 904 928 comme
925 871 978 932 s’il,
990 871 1038 928 eat

92 953 260 1010 commanet
280 953 314 1010 de
332 969 481 1010 nouveau:
502 955 654 1028 aeuisque
672 969 741 1010 rous
758 953 894 1010 admetiaa
915 970 971 1027 que
988 954 1039 1027 J’ai

91 1035 298 1092 sultisammeut
319 1035 430 1092 mentre
447 1035 575 1109 l’origiue
590 1042 618 1094 et
638 1037 679 1093 les
696 1051 809 1094 sources
830 1034 866 1092 de
884 1036 1039 1094 l’aiicienne

91 1119 255 1192 dourence,
267 1135 304 1178 en
315 1121 449 1192 exposcat
459 1119 488 1176 la
502 1113 633 1178 methode
644 1122 691 1194 qui
706 1119 821 1178 formait
833 1122 862 1176 et
873 1118 1040 1193 perlection-

92 1202 155 1257 nail
167 1201 208 1258 les
223 1203 338 1259 ariciens
351 1207 490 1272 oraleurs,
502 1203 531 1275 je
545 1205 604 1261 vais
618 1205 794 1260 mainlanant
806 1203 900 1276 parler
912 1202 947 1259 de
959 1202 1039 1260 leura

92 1286 241 1355 exercices,
255 1285 376 1358 quoique
388 1285 493 1343 l'etude
507 1288 561 1342 soit
575 1287 738 1344 elle-meme
751 1302 793 1342 un
803 1287 939 1356 exercite,
947 1290 975 1342 et
983 1301 1038 1359 qne

92 1381 276 1441 personnene
284 1367 375 1439 puisse
386 1367 514 1441 aequeris
524 1369 572 1424 des
580 1370 794 1426 comaissanaes
802 1368 879 1424 aussi
890 1366 1039 1440 prolondes

93 1452 123 1504 et
135 1450 210 1506 aussi
222 1451 341 1518 venees,
356 1465 421 1506 sans
434 1451 540 1507 arrirer
553 1467 605 1522 par
618 1451 644 1506 le
657 1451 758 1509 travail
772 1451 791 1508 'a
804 1451 833 1507 la
854 1450 966 1523 pensae,
986 1464 1039 1524 par

93 1531 123 1588 la
137 1532 269 1603 penseei
286 1533 315 1589 la
329 1533 445 1603 facilite,
460 1539 488 1589 et
502 1550 555 1606 par
565 1535 595 1590 la
611 1533 743 1591 lacilite'a
761 1535 791 1590 la
803 1535 948 1608 puissanoe
961 1534 996 1590 de
1010 1535 1039 1592 la

92 1611 202 1686 parole,
216 1613 280 1670 d'oii
293 1615 315 1670 il
327 1615 432 1672 restille
446 1615 517 1688 qu'il
535 1617 593 1672 iant
607 1617 775 1690 s'appliapier
787 1615 946 1688 &galement
959 1615 980 1684 a,
993 1631 1039 1672 ao·

93 1695 191 1768 querar
202 1697 242 1754 les
254 1697 333 1754 iddes
345 1699 429 1771 qa'on
441 1698 499 1755 doit
510 1700 661 1772 exprimes,
677 1700 730 1756 eta
743 1700 786 1756 les
793 1701 934 1774 exprimes
943 1698 1038 1773 quand

93 1794 132 1835 on
152 1778 193 1836 les
205 1795 223 1836 a
236 1781 368 1854 acquises.
384 1783 451 1838 llals
462 1782 489 1838 si
502 1781 761 1856 qualqu'unparmi
781 1798 852 1839 vous
867 1788 965 1840 trouve
984 1797 1038 1856 que

92 1865 167 1919 cette
179 1864 349 1936 proposition
363 1880 486 1938 marique
499 1865 534 1922 de
556 1865 651 1936 clerte,
671 1869 699 1924 et
716 1865 758 1922 s’il
777 1865 875 1940 separe
888 1865 917 1923 la
930 1863 1037 1923 theorie

92 1943 129 1999 de
142 1943 175 1999 la>
185 1947 324 2016 pectique,
339 1945 550 2006 ilconviendra
563 1947 601 2004 du
622 1948 718 2006 moins
729 1946 817 2022 qu'un
835 1949 932 2022 esprr't,
947 1947 1037 2006 toriae

92 2030 225 2098 parcette
240 2026 369 2086 me'thode
378 2033 407 2085 el
416 2033 477 2086 tout
485 2031 561 2105 plein
576 2031 610 2088 dc
623 2047 669 2088 ces
679 2031 901 2102 connaissanoes,
914 2033 1038 2089 arnvera

92 2109 237 2248 {pequam
250 2109 346 2166 miens
359 2111 476 2184 prepare
488 2128 545 2170 aux
560 2114 696 2172 exercices
708 2114 757 2188 qui
771 2118 835 2172 sont
847 2114 876 2171 le
887 2129 990 2188 propre
1003 2113 1038 2198 tle

114 2207 165 2248 ora
194 2209 238 2249 ur.
294 2238 297 2244 ,
742 2219 745 2226 ’

129 2276 237 2332 XXXIV.
251 2296 266 2331 ii
283 2277 355 2334 cher
369 2292 420 2335 nos
434 2241 571 2349 caeduae,
582 2279 610 2337 le
620 2279 709 2352 jeane
721 2279 837 2337 homme
849 2279 898 2352 qui
912 2295 942 2336 se
956 2279 1039 2335 desti-

92 2360 156 2416 nait
169 2374 206 2416 au
219 2359 340 2418 berroea
355 2364 385 2418 et
398 2359 415 2418 i
428 2360 600 2436 l'eloquence
617 2361 683 2418 etait
697 2363 812 2420 canduit
831 2377 883 2436 par
900 2377 953 2420 son
972 2361 1038 2435 pene

92 2551 283 2602 demonstrasti:
299 2551 381 2604 cctela
396 2557 512 2618 exspecto,
528 2555 565 2618 ut,
585 2555 794 2618 quemadmodum
809 2569 841 2606 ex
854 2557 877 2604 te
890 2555 965 2606 didici
977 2559 1038 2620 quid

93 2619 138 2664 aul
151 2615 188 2686 illi
199 2614 288 2686 scirent
300 2621 341 2665 aut
354 2618 556 2684 nosynesciamus,
569 2618 602 2668 ita
615 2620 661 2668 hoc
676 2632 773 2684 quoque
784 2631 937 2727 cognoscam,
949 2621 1039 2682 quibua

93 2677 312 2734 exercitationibus
328 2676 431 2738 juvenes
445 2678 498 2738 jam
513 2681 595 2728 sonim
609 2680 746 2742 ingressuri
763 2690 809 2728 con
827 2692 908 2730 amare
928 2685 954 2730 et
972 2685 1038 2735 alere

94 2739 194 2800 ingenia
207 2753 251 2786 sua
263 2739 327 2788 soliti
338 2739 396 2788 sint.
409 2753 488 2800 neque
505 2741 570 2789 anim
588 2746 641 2790 arte
654 2741 800 2805 att-scientia,
817 2742 859 2790 aad
875 2742 948 2806 longe
960 2747 1038 2810 magis

94 2803 212 2849 facultate
231 2805 257 2848 at
274 2812 320 2866 usti
341 2803 504 2866 eloquentiam
519 2803 638 2852 contineri
652 2817 698 2852 nec
714 2807 753 2866 tu,
771 2808 838 2866 pulo,
856 2804 959 2870 abnam,
973 2812 998 2856 el
1012 2809 1038 2858 hi

94 2862 236 2924 significare
247 2864 315 2911 vultu
328 2863 451 2912 ridentur.
465 2880 478 2910 a
491 2865 586 2914 Deinde
598 2877 676 2926 quum
688 2868 753 2928 Aper
764 2876 860 2927 quaque
874 2872 899 2916 et
909 2869 1038 2920 Secundus

93 2925 164 2973 idem
177 2924 327 2987 annuissent,
339 2925 442 2974 Messala
457 2927 526 2987 quasi
545 2941 630 2976 rursus
650 2927 769 2990 incipiens
783 2941 790 2976 a
807 2929 954 2988 «Quoniam
968 2933 1038 2984 initia

93 2990 121 3034 et
134 2986 227 3034 semina
240 2986 327 3034 veteris
339 2987 484 3047 eloquentiae
497 2989 553 3038 satis
567 2990 745 3039 demonstrasse
758 2990 852 3050 videor,
864 2990 974 3040 docendo
985 2996 1038 3056 qui-

90 3049 144 3096 lius
158 3047 251 3096 artibus
265 3045 360 3108 antiqui
373 3050 482 3098 oratores
493 3049 587 3098 institui
602 3051 742 3112 erudirique
752 3051 824 3099 'soliti
836 3051 892 3112 sint,
909 3065 1040 3116 persequar

92 3123 163 3159 nunc
177 3108 361 3158 exercitationes
370 3121 465 3158 eorum.
476 3109 628 3173 quamquam
640 3113 698 3172 ipsis
711 3110 804 3160 artibus
814 3112 877 3159 inest
889 3114 1038 3182 exercitatio,

92 3185 143 3220 uec
156 3171 285 3232 quisquam
306 3170 433 3234 percipere
450 3174 485 3219 lot
501 3173 640 3221 reconditas
650 3176 705 3221 'aut
723 3175 777 3222 tam
794 3172 874 3220 ramas
896 3185 934 3221 res
952 3180 1038 3244 potest,

92 3233 146 3283 nisi
158 3236 187 3281 ut
199 3231 306 3282 scientiae
319 3231 456 3295 meditatio,
471 3234 623 3282 meditationi
636 3234 748 3296 facultas,
762 3233 870 3282 facultati
878 3235 913 3285 vis
924 3238 1039 3300 eloquen-

92 3296 139 3345 tiae
153 3295 260 3343 acoedat.
280 3307 325 3356 per
345 3307 401 3354 qnae
424 3293 550 3357 colligitur
570 3297 674 3346 eandem
700 3305 753 3344 osse
771 3295 892 3346 rationem
916 3302 940 3346 et
961 3303 1039 3363 pei-ci.

92 3356 181 3421 piendi
194 3368 250 3416 quae
263 3357 372 3416 proferas
385 3359 411 3406 et
423 3356 563 3418 proferendi
576 3369 631 3419 qnae
645 3357 789 3420 perceperis.
808 3359 851 3408 sed
865 3359 885 3407 si
898 3361 939 3410 eui
954 3365 1039 3414 ohscu-
1126 3408 1132 3414 .

92 3419 164 3467 riori
177 3418 230 3466 haec
245 3417 366 3480 ridentur,
385 3419 454 3480 isque
472 3418 598 3469 scientiam
617 3421 649 3470 ab
667 3420 838 3470 exercitatione
856 3428 959 3488 separat,
975 3427 1037 3477 illud

91 3483 166 3552 certe
179 3479 303 3542 concedet,
320 3478 468 3554 instructum
479 3484 504 3529 et
515 3484 616 3543 plenum
633 3482 671 3532 liis
685 3483 777 3532 arabas
790 3483 900 3554 animam
911 3487 983 3548 longe
997 3502 1039 3550 pa-

91 3545 214 3655 piffifini
226 3541 257 3590 ad
270 3553 312 3590 eas
325 3545 506 3592 exercitationes
521 3546 661 3610 rentumm,
674 3557 729 3607 qaae
742 3557 849 3607 propiiae
863 3549 989 3596 oratomm
1004 3551 1039 3599 ai-

94 3719 97 3724 ,
128 3665 241 3715 XXXIV.
255 3663 346 3726 »crgo
359 3666 423 3728 apud
435 3667 539 3730 majores
547 3671 642 3720 nostros
651 3668 750 3731 iuvenis
762 3668 815 3732 ille,
828 3667 872 3730 qni
883 3668 937 3718 loro
949 3674 974 3721 et
986 3673 1036 3724 elo·
