2524 4088
221 221 271 311 tes
617 261 763 316 recise.

221 376 245 430 si
258 376 287 432 la
306 377 398 449 poeste
416 387 458 434 est
475 380 547 435 mise
565 395 602 434 on
616 395 710 449 cause,
722 379 752 452 je
766 392 802 434 nn
816 375 875 432 vois
891 387 941 446 pas
959 367 1086 428 d'eecuse
1102 367 1167 443 plus

219 456 298 515 riche
318 475 353 515 en
375 460 464 517 deliis.
480 491 515 504 -
529 461 588 530 Quo
607 465 706 520 Bessus
724 475 755 518 se
774 457 959 532 trutmoniae,
972 453 1062 526 repsit
1079 453 1165 524 Aper,

221 541 294 596 ainsi
307 557 362 614 que
375 545 437 600 tous
451 559 520 604 oeus
533 545 582 616 qui
597 544 731 601 cultivent
741 543 856 600 insuere
865 541 882 596 i
891 539 987 604 diioui
1000 537 1035 594 de
1048 533 1166 608 pouvoir

222 622 330 694 pleider
340 625 388 682 des
402 641 508 684 causes.
523 629 627 697 Certus,
635 628 753 700 pirisque
765 625 816 699 sai
826 623 970 682 trouviuu
981 619 1086 676 arhitm
1095 633 1166 690 pour

222 719 255 761 ce
266 706 373 778 proces,
381 708 415 781 =je
427 725 464 766 ne
475 709 613 767 souiiriml
623 723 675 783 pes
687 707 773 782 qu’ou
786 706 904 765 deiende
916 705 1068 770 Maternus,
1078 717 1115 757 en
1122 699 1166 790 lui

222 788 349 846 donnant
362 791 410 848 des
424 792 585 866 complices;
602 793 667 849 c'est
680 792 722 848 lui
735 791 793 848 seul
808 804 863 864 que
876 785 1040 862 j'acouserai
1053 782 1120 856 pres
1133 783 1166 838 de

222 886 301 942 vom,
315 873 480 948 pesteque,
494 876 531 932 ne'
543 889 617 948 pour
629 877 700 932 nette
714 874 868 948 &oquence
881 869 955 928 mile
975 873 1004 924 ct
1022 867 1166 941 puissante

222 955 271 1026 qui
283 960 349 1028 pent
362 959 513 1032 conquiris
525 962 553 1014 et
571 957 703 1016 delenire
716 959 765 1014 des
784 958 866 1026 amis,
881 951 1033 1026 nmjuguer
1049 950 1100 1006 cles
1112 965 1166 1005 ne-

221 1037 306 1108 tions,
317 1041 464 1112 conquerir
477 1042 527 1100 cles
539 1037 726 1114 provinceuil
736 1040 856 1097 'delaisse
867 1053 923 1094 une
935 1035 1017 1094 elude
1031 1033 1092 1106 qui,
1104 1033 1168 1105 plus

221 1135 276 1192 qrre
290 1125 467 1196 rouecestre,
479 1123 715 1196 utile,luct··ative,
730 1124 800 1181 dnus
812 1127 894 1180 notre
907 1117 1045 1189 ville,isit
1057 1115 1168 1172 arriuer

221 1217 278 1260 aux
290 1201 435 1264 honneurs
446 1212 474 1264 et
483 1207 500 1264 i
508 1207 537 1264 le
546 1206 649 1280 gleirer
657 1205 885 1266 nonesenlcment
898 1205 967 1263 dans
979 1203 1081 1270 Rome,
1090 1198 1168 1254 mnis

221 1285 315 1342 mime
328 1287 399 1346 daus
411 1288 540 1364 lempire
552 1293 652 1362 enies,
666 1296 694 1348 et
707 1291 775 1350 chen
787 1290 830 1346 les
838 1287 954 1362 peuples
967 1286 1008 1342 les¹
1021 1283 1086 1356 pisus
1099 1280 1169 1337 eloi-

221 1368 299 1440 gnes.
313 1373 355 1426 En
364 1371 444 1444 effet3
450 1375 573 1432 silentes
582 1389 633 1431 nos
641 1375 767 1448 pensem,
776 1379 867 1432 tontes
874 1387 929 1428 nos
938 1369 1046 1426 actions
1054 1365 1170 1422 doivent

222 1449 284 1508 etro
296 1453 487 1527 dirigeesrers
494 1457 626 1528 l'interet,
638 1459 726 1528 osi-il,
739 1458 770 1530 je
783 1457 811 1515 le
825 1454 971 1521 demands,
981 1451 1045 1509 rien
1057 1449 1091 1506 de
1103 1447 1170 1522 plus

198 1555 201 1560 ’
220 1533 547 1609 ⁸ssrq11ed'exercerun
560 1545 605 1598 eii
618 1541 665 1612 οὺ,
681 1540 806 1613 inuiours
824 1538 914 1608 armi,
936 1549 974 1592 on
991 1531 1108 1607 protege
1124 1547 1171 1587 sos

221 1617 303 1688 imis,
319 1637 356 1676 on
376 1627 485 1680 seconrt
503 1624 545 1682 les
563 1624 717 1698 etrsugars,
736 1639 773 1680 on
793 1637 878 1680 seuve
896 1632 965 1676 ceux
984 1616 1033 1690 qoi
1052 1617 1116 1670 sont
1132 1629 1170 1668 en

221 1700 302 1772 peril,
313 1719 350 1759 on
358 1705 463 1780 elisere
473 1709 646 1766 ses-enricus
659 1711 688 1764 et
701 1722 744 1763 ses
757 1705 898 1774 opums,
907 1701 998 1760 tentiis
1012 1710 1079 1772 qne,
1090 1702 1171 1752 tran-

222 1784 308 1855 quille
318 1787 475 1861 soi-meme,
483 1807 520 1847 on
528 1794 570 1847 est
580 1790 745 1859 environne,
755 1805 826 1862 pour
834 1787 907 1844 ainsi
916 1786 987 1854 dire,
996 1783 1083 1839 d'une
1092 1781 1171 1853 puis-

221 1881 304 1924 sance
319 1873 347 1925 ct
360 1870 443 1928 d'une
460 1872 581 1932 autonitt
595 1865 743 1930 itemelles
758 1888 767 1928 s
781 1881 821 1932 nri
834 1875 877 1928 art
889 1861 994 1926 dontio
1008 1865 1129 1939 pnuvoir
1143 1869 1172 1920 et
1240 1927 1241 1954 ἢ

220 1947 330 2006 l'utilite
348 1965 378 2007 se
398 1952 536 2024 ueremni,
557 1956 708 2028 quandam
725 1957 768 2012 est
784 1954 911 2011 heuneus
929 1945 1094 2017 soi-meme,
1117 1962 1173 2018 par

221 2029 248 2086 le
269 2045 379 2090 secours
402 2039 430 2091 et
450 2036 479 2092 la
496 2038 648 2108 protectioni
671 2037 756 2110 qulon
775 2035 853 2110 prete
874 2049 929 2091 eux
948 2034 1051 2088 onmes.
1070 2031 1172 2086 Est-on

212 2112 404 2174 vrassilheureuu
428 2117 611 2192 isontour,
636 2119 664 2176 la
685 2120 806 2176 cuinssse
823 2126 852 2175 et
870 2115 957 2190 l'ipee
977 2129 1016 2170 ne
1034 2115 1172 2186 sonipes

221 2213 294 2270 pour
309 2198 337 2256 le
351 2201 457 2274 soldat,
477 2219 525 2260 sur
544 2203 572 2258 le
591 2203 693 2276 champ
708 2203 744 2258 de
760 2193 888 2273 boteille,
904 2215 961 2256 une
979 2195 1094 2254 defense
1105 2196 1173 2270 plus
1240 2191 1241 2262 J

218 2553 300 2604 -qnnm
313 2543 434 2606 optimum
442 2544 528 2594 sirum
542 2555 596 2595 rum
607 2555 813 2596 nnsoruusslmum
826 2543 943 2608 poetam?
953 2555 1028 2606 porro
1039 2539 1061 2591 si
1071 2541 1174 2616 poetice

222 2607 361 2669 accusatur,
374 2619 425 2655 uon
438 2607 516 2658 alium
529 2607 600 2658 rideo
614 2615 685 2658 reum
699 2608 895 2670 locupletiorem.
908 2623 922 2654 o
936 2633 967 2644 -
980 2621 994 2652 o
1005 2605 1115 2678 Securus
1130 2609 1173 2668 sit,

221 2664 302 2726 inquit
314 2669 388 2731 Aper,
408 2673 432 2718 et
445 2669 540 2720 Saleius
556 2671 643 2720 Bassus
661 2674 684 2720 et
698 2670 809 2731 quisquis
821 2669 884 2718 alius
900 2668 1008 2718 studium
1024 2669 1130 2728 poeticae
1145 2671 1172 2716 et

222 2727 361 2777 cerruinum
374 2731 478 2838 {loriam
492 2733 570 2794 toret,
585 2746 663 2794 quum
675 2744 762 2781 causus
773 2745 846 2794 egere
859 2745 909 2780 nou
924 2729 1006 2792 possit.
1021 2742 1067 2790 ego
1086 2730 1174 2792 enim,

114 2317 116 2322 -
222 2279 287 2338 sire
299 2297 356 2356 quc
368 2285 542 2360 l'eloquenee
560 2301 632 2360 pour
644 2285 767 2343 ffl’accust
784 2303 792 2342 z
810 2286 875 2342 c'est
895 2283 952 2341 ila
968 2280 1021 2340 iois
1042 2297 1083 2337 un
1097 2280 1172 2337 bou-
1240 2313 1241 2316 =

222 2363 291 2422 clier
309 2369 337 2422 et
357 2385 396 2424 uu
412 2368 525 2441 javelot
537 2385 609 2442 pour
625 2383 709 2442 parer
730 2373 757 2426 et
774 2367 901 2442 trappe,
920 2363 973 2423 soit
995 2364 1101 2422 devant
1122 2363 1175 2422 des
1240 2407 1241 2426 r

222 2791 341 2848 quatenus
352 2804 380 2838 ar
396 2792 472 2839 ltrum
485 2793 535 2840 litis
548 2794 622 2855 liujus
636 2794 726 2858 inveni,
741 2807 792 2842 non
805 2794 886 2856 patiar
899 2793 1040 2843 Maternum
1053 2791 1174 2840 societnle
1240 2819 1241 2828 κ

221 2849 332 2910 plurium
343 2851 442 2900 delendi
455 2867 462 2901 s
477 2853 520 2902 sed
532 2855 614 2916 ipsum
625 2856 705 2905 solum
716 2857 782 2918 apud
792 2869 835 2905 ros
847 2867 958 2918 arguam,
970 2854 1035 2915 quod
1049 2858 1127 2905 natn's
1141 2856 1175 2903 ed
1240 2879 1241 2886 κ

221 2910 387 2972 eloquentiam
399 2913 496 2964 virilem
510 2919 534 2965 et
548 2918 694 2980 oratoriam,
708 2931 757 2979 qua
771 2931 858 2980 parcre
874 2919 949 2966 simol
966 2919 991 2966 et
1002 2915 1069 2964 tueri
1083 2915 1176 2965 amici-

221 2973 268 3023 tias
297 2975 429 3026 adsciscere
448 2977 650 3041 necessitudines,
668 2981 796 3042 complecti
813 2978 949 3042 provincias
967 2977 1058 3042 possit,
1077 2978 1176 3028 omittit

222 3011 328 3108 stasilum
334 3075 343 3102 ‚
359 3051 409 3100 quo
422 3051 472 3088 nou
486 3039 553 3088 aliud
569 3039 595 3088 iu
608 3041 703 3091 civitate
716 3049 800 3091 nostre
813 3045 851 3092 rel
868 3043 899 3091 ad
912 3041 1044 3113 utilitatem
1057 3039 1177 3090 fructuo-

220 3110 271 3148 sius
282 3101 321 3149 vel
335 3101 366 3150 ad
378 3101 523 3166 dignitatem
538 3103 643 3164 emplius
656 3105 695 3154 vel
708 3105 739 3153 ad
751 3103 822 3156 Urbis
836 3105 929 3153 leniam
942 3103 1071 3165 pulchrius
1085 3104 1127 3152 vel
1141 3105 1176 3153 ad

221 3159 295 3210 totius
309 3162 408 3224 imperii
427 3168 499 3225 etque
518 3165 629 3214 omnium
647 3165 758 3226 gentium
773 3165 885 3215 notitiem
899 3164 1019 3214 illustrius
1035 3165 1176 3227 excogitari

220 3225 307 3282 potest.
322 3238 380 3274 uam
395 3227 416 3274 si
433 3229 463 3275 ud
477 3225 610 3276 utilitatem
624 3227 679 3278 vitae
694 3226 775 3276 omnia
792 3225 893 3279 consilia
908 3229 1021 3288 iactaque
1032 3229 1120 3276 nostre
1135 3227 1177 3274 ‹li-

220 3281 405 3350 rigescerent,
417 3289 476 3348 quid
490 3292 526 3338 est
540 3289 618 3338 tutius
629 3303 703 3351 quam
715 3301 770 3338 eam
783 3303 894 3340 exercere
905 3292 982 3338 artem
989 3326 998 3362 ξ
1009 3302 1057 3350 qua
1070 3301 1177 3350 semper

221 3348 329 3414 armatus
339 3349 479 3408 presidium
493 3350 588 3413 amicis,
602 3365 674 3413 opem
688 3351 783 3415 alienis,
795 3353 900 3401 salutem
913 3350 1120 3416 periclitantibus,
1134 3352 1177 3401 iu-

221 3405 285 3453 vidis
296 3420 354 3455 vero
369 3413 392 3456 et
405 3408 510 3458 inimicis
522 3417 615 3460 metum
630 3417 653 3462 et
664 3417 784 3464 terrorem
798 3415 864 3462 ultro
879 3416 952 3477 serat,
965 3413 972 3461 i
1028 3420 1136 3462 seminus
1148 3420 1178 3464 et

220 3467 289 3514 uelut
304 3469 409 3528 quedam
423 3478 539 3531 perpetua
557 3475 665 3534 potentia
681 3487 708 3523 nc
724 3479 840 3537 potestate
859 3477 969 3524 munitus
1001 3476 1073 3536 cuius
1092 3477 1131 3525 ris
1151 3485 1178 3526 et

221 3527 314 3577 utilitas
326 3529 400 3579 rebus
414 3543 527 3592 prospere
537 3533 671 3584 fluentibus
683 3536 788 3586 aliorum
799 3539 915 3600 praesiclio
927 3540 951 3588 et
962 3538 1039 3588 tutela
1049 3538 1179 3602 intelligi-

222 3591 264 3637 tur
279 3604 286 3640 ε
301 3591 339 3640 sin
355 3593 483 3704 promotu
496 3594 633 3654 periculum
651 3599 786 3662 increpuit,
801 3612 851 3648 uon
869 3601 968 3652 hercule
982 3600 1060 3650 lorice
1077 3607 1103 3651 et
1119 3605 1178 3666 gla-
1240 3593 1241 3612 ³

223 3648 280 3700 dius
292 3651 319 3700 in
333 3667 384 3703 scre
457 3653 496 3703 ius
508 3657 691 3706 munimentum
705 3673 780 3720 quem
793 3673 836 3710 reo
850 3665 874 3712 et
888 3663 1033 3727 periclitanti
1050 3665 1178 3728 eloquen-
