2492 4080
222 283 273 338 ltu
617 277 762 335 TAGITE.

221 396 363 454 l’aocusait
375 393 461 450 d’itre
474 407 542 450 mou
553 396 582 451 et
593 393 628 450 de
641 407 780 468 manquer
791 390 827 449 dc
843 390 927 450 reios.
944 387 1131 459 llaintenuut,
1144 388 1168 445 si

221 494 292 546 rous
305 493 351 534 me
365 476 516 533 demandes
534 491 602 532 mon
617 476 688 546 avis,
699 477 729 550 je
746 474 895 549 repondrai
915 474 983 548 qu'il
996 487 1042 530 me
1060 471 1169 529 semble

223 578 277 642 que
286 564 348 618 tous
357 561 468 616 avaient
476 560 580 617 raison.
592 559 699 616 Bientrit
710 559 740 632 je
749 559 791 616 les
799 558 930 632 prendrai
939 558 1051 615 chacun
1061 554 1167 630 apart;

224 661 260 702 en
273 661 306 702 ce
320 648 445 702 moment
457 644 487 719 jc
501 643 541 702 les
550 644 618 716 juge
631 635 694 700 tous
709 642 859 701 ensemble.

259 729 322 786 lllll.
338 749 352 782 a
369 729 491 802 Puisque
504 729 544 784 les
557 727 740 784 admirateurs
754 727 801 784 des
814 724 928 784 enciens
941 724 1084 797 assignent
1099 738 1170 796 pour

224 811 314 868 limite
328 810 344 866 a
358 809 514 885 l'antiquite
527 809 651 882 l'epoque
663 810 697 866 de
713 810 823 867 Cassius
837 807 964 878 Se'verus,
978 807 1040 881 qui,
1055 806 1170 862 suivant

224 912 288 966 eux,
304 895 470 952 abandonna
482 896 509 950 lc
522 894 642 968 premier
657 892 828 966 l'eloquence
847 890 947 965 simple
960 894 988 948 et
1001 890 1133 963 antique,
1142 889 1170 962 je

225 978 364 1051 pretends,
374 979 443 1048 moi,
453 992 507 1051 qne
518 992 549 1034 ce
559 975 627 1034 n'est
639 978 717 1049 point
730 993 782 1050 par
796 976 980 1050 impuissance
996 973 1124 1047 d'esprit,
1135 989 1170 1029 ou

225 1079 276 1134 par
284 1063 431 1134 ignorance
441 1060 490 1116 des
498 1059 592 1116 lettres
600 1059 668 1132 qu'il
677 1058 740 1116 s'est
747 1059 804 1132 jete
813 1060 883 1118 dans
891 1061 961 1116 cette
969 1055 1102 1114 nouvelle
1110 1072 1172 1113 ma·

225 1144 313 1213 ni‘ere,
328 1144 401 1200 mais
410 1159 462 1216 par
476 1140 609 1218 reflexion
622 1145 649 1196 et
658 1157 711 1213 par
721 1141 812 1198 choix.
829 1141 850 1197 ll
864 1141 905 1197 vit
917 1156 954 1197 en
967 1137 1045 1209 elici,
1058 1155 1171 1196 comme

223 1227 253 1299 Je
265 1226 292 1283 le
305 1225 391 1284 disais
405 1229 465 1283 lout
477 1224 494 1281 t
507 1223 624 1294 l'henre,
642 1223 712 1295 qu'il
730 1223 791 1280 lant
803 1222 928 1295 changcr
948 1221 978 1279 la
993 1221 1088 1278 forme
1104 1225 1134 1278 et
1146 1221 1173 1277 la

226 1308 420 1382 physionomie
434 1308 473 1364 du
490 1307 612 1364 dinnurs
626 1305 703 1364 selon
719 1306 761 1366 les
775 1307 919 1378 exigenoes
931 1305 979 1362 des
991 1308 1086 1377 temps
1105 1307 1135 1361 et
1147 1304 1173 1360 la

226 1390 375 1448 difference
393 1391 441 1447 des
461 1389 613 1447 auditeurs.
638 1390 675 1445 Le
694 1387 795 1461 peuple
815 1386 992 1458 d'autrelois,
1016 1386 1127 1444 inculte
1147 1391 1174 1443 et

227 1476 308 1546 rude,
330 1476 482 1549 supportarit
499 1489 563 1531 sans
581 1473 748 1546 impatiente
769 1471 810 1528 les
829 1471 988 1544 harengum
1005 1471 1129 1543 langues
1147 1477 1174 1528 et

226 1558 353 1632 lourdes3
369 1556 459 1615 c'eiait
470 1556 565 1613 meme
577 1573 618 1612 un
632 1555 715 1612 motii
725 1555 832 1627 d'elogc
843 1571 898 1628 que
910 1553 1083 1627 d'employer
1097 1557 1175 1611 toute

228 1657 285 1698 une
294 1639 413 1714 iamnes
426 1638 511 1697 aune
525 1638 679 1712 plaidoirie.
695 1640 745 1695 Ces
759 1637 839 1710 longs
846 1639 977 1710 ambages
990 1637 1024 1693 de
1038 1635 1173 1707 l‘cxorde,

227 1741 261 1783 cc
274 1724 306 1781 fil
320 1724 358 1781 du
372 1723 441 1781 recit
452 1723 543 1796 repris
556 1722 591 1779 de
605 1722 627 1778 si
641 1721 722 1791 haul,
732 1736 764 1791 ce
776 1720 841 1778 lure
852 1721 888 1778 de
901 1720 1032 1778 divisions
1047 1719 1174 1790 inlinies,

228 1811 271 1866 cet
284 1806 498 1864 enchainement
512 1805 790 1878 d’argumentations,
805 1802 893 1874 enfin,
903 1809 965 1861 tous
979 1803 1018 1860 les
1031 1803 1175 1877 precantes

228 1888 374 1946 desarides
383 1888 477 1944 traiteis
488 1879 698 1959 d’llermagoras
712 1892 741 1944 et
753 1886 952 1960 d'hpollodore,
964 1881 1023 1943 tout
1036 1885 1100 1943 cela
1109 1886 1177 1944 erait

230 1986 266 2028 cn
278 1970 417 2027 hormeur.
435 1972 508 2026 Ponr
519 1985 575 2044 peu
589 1970 674 2042 qu'on
688 1968 735 2026 erit
749 1968 832 2042 gerite
844 1969 879 2026 de
892 1969 921 2026 la
935 1967 1126 2042 philosophie,
1140 1987 1174 2027 on

229 2050 297 2108 etait
309 2049 387 2123 porte
398 2051 547 2125 jusqu'aux
561 2067 641 2122 unes,
654 2050 750 2124 quand
760 2066 798 2107 on
809 2052 909 2108 semait
923 2051 995 2108 daus
1010 2052 1037 2107 le
1051 2051 1177 2110 discoms
1221 2047 1222 2116 l

230 2131 366 2208 quelques
379 2134 459 2191 traits
471 2134 505 2191 de
519 2137 590 2192 cette
609 2135 725 2190 science.
741 2133 764 2190 ll
778 2150 815 2190 ne
828 2133 951 2214 lautpas
965 2135 1024 2190 s’en
1039 2133 1174 2206 dionaei-3

230 2216 703 2275 o’etaientltdeschosesnouvelles
712 2220 741 2273 et
749 2217 915 2286 inconnues,
927 2215 1178 2290 etparmilesora-
1221 2279 1222 2288 ¹

230 2302 306 2357 leurs
314 2298 499 2370 eru-memes,
508 2298 638 2380 tres-peu
647 2299 773 2356 saucient
781 2297 822 2356 les
835 2297 975 2372 preceptes
984 2297 1034 2356 des
1043 2297 1177 2358 rheteum
1221 2353 1222 2356 ,

231 2507 287 2544 rem
318 2507 333 2544 a
350 2493 426 2544 Bruto
447 2496 546 2555 antem,
566 2494 596 2541 ut
611 2489 686 2555 ipsius
699 2490 780 2541 serbis
796 2493 863 2555 ntur,
876 2496 981 2553 tunquam
997 2491 1097 2553 fractum
1116 2503 1179 2560 atquc

231 2529 345 2610 denhem.
359 2555 386 2628 §i
403 2565 443 2604 me
456 2554 605 2626 interrogas,
620 2567 705 2626 omnes
719 2553 779 2625 mihi
796 2552 911 2602 ridentur
924 2567 1010 2604 verum
1024 2555 1125 2606 dixisse.
1139 2559 1177 2610 sed

232 2632 288 2668 mox
301 2618 332 2667 ad
346 2630 384 2666 sm
418 2618 455 2666 los
467 2630 563 2666 neuram
575 2630 582 2664 ε
595 2629 660 2665 nunc
672 2616 732 2663 nnhr
746 2629 803 2664 cum
815 2615 935 2664 universis
946 2616 1072 2678 negotium
1085 2623 1136 2669 est.

264 2679 359 2730 xlx.»
397 2693 437 2727 um
453 2682 575 2740 quatenus
585 2677 743 2738 antiquorum
758 2675 918 2726 admiratores
930 2677 996 2726 hunc
1011 2680 1078 2726 valan
1093 2683 1179 2731 termi-

232 2755 294 2790 num
305 2739 454 2800 antiquitatis
464 2740 612 2790 constituere
621 2739 699 2789 solent
720 2751 794 2800 quem
804 2752 882 2800 usquc
892 2739 923 2787 ad
938 2738 1050 2788 Cassium
1060 2741 1179 2794 Severum

232 2801 335 2873 iaciunt)
347 2814 421 2872 quern
437 2800 683 2871 primumnllirmnnt
695 2777 789 2850 herese
802 2801 833 2850 ab
846 2801 890 2849 illa
902 2805 984 2850 vetere
997 2805 1071 2864 atque
1086 2805 1179 2855 diresin

233 2863 331 2914 dicenda
344 2876 393 2925 rra,
405 2875 455 2911 non
465 2862 607 2912 infirmitate
617 2861 710 2923 ingenii
720 2876 766 2912 nec
777 2861 870 2911 inscitia
883 2861 1012 2912 literarum
1024 2867 1180 2918 transtulisse

233 2940 260 2978 sc
271 2924 338 2976 adid
350 2924 447 2974 dicendi
459 2937 535 2986 genus
546 2925 674 2988 contendo,
686 2924 728 2974 scd
740 2923 836 2986 iudicio
847 2927 873 2973 et
883 2924 1021 2974 intellectu.
1035 2925 1101 2976 vidit
1113 2943 1181 2979 naur-

209 2985 1180 3120 'iisdtittihiittbtisittiiihttinutilitati
1221 3025 1222 3031 ‘

234 3113 371 3174 perferebat
387 3111 453 3173 prior
467 3111 511 3159 alle
527 3113 644 3173 populus,
657 3113 686 3159 ut
703 3110 831 3171 imperitus
847 3114 871 3158 ct
884 3111 965 3173 rudis,
984 3111 1182 3172 impeditissima·
1220 3165 1221 3170 ,

235 3189 290 3224 nrm
302 3174 439 3230 orationum
450 3172 539 3236 spatie3
554 3178 625 3234 atque
638 3172 663 3220 id
677 3172 758 3234 ipsum
769 3171 835 3220 laudi
851 3172 961 3234 dabatur,
974 3172 995 3220 si
1008 3173 1117 3225 dicendo
1128 3179 1181 3240 quis

234 3237 300 3285 diem
313 3236 440 3286 eximeret.
452 3236 505 3296 jam
518 3249 576 3284 vero
588 3236 662 3295 longa
675 3233 849 3296 principiorum
863 3234 1009 3296 praeparatio
1022 3239 1047 3283 et
1060 3242 1183 3290 narratio

235 3297 273 3345 nis
291 3297 339 3346 alte
356 3297 458 3358 repetita
476 3296 551 3346 series
566 3301 590 3344 et
605 3297 740 3345 multarum
757 3294 903 3344 divisionum
919 3296 1047 3344 ostentatio
1065 3302 1094 3346 et
1115 3303 1183 3353 mille

235 3362 434 3423 argumentorum
451 3357 553 3422 gradus,
572 3361 597 3406 ct
614 3358 728 3419 quicquid
742 3357 808 3406 allud
823 3356 965 3406 aridissimis
978 3357 1143 3422 Hermagorae
1161 3372 1183 3416 er

235 3419 377 3483 Apollodori
391 3418 458 3469 libris
472 3419 620 3481 praecipitur,
638 3419 664 3467 in
682 3422 775 3470 honore
793 3421 846 3467 erut
864 3418 973 3480 :quodsi
991 3420 1048 3481 quis
1064 3424 1183 3476 odoratus

235 3482 414 3548 philosophiam
428 3481 551 3531 videretur
564 3485 636 3541 atquc
653 3496 684 3530 ex
697 3495 729 3530 ea
743 3482 825 3539 locum
839 3481 945 3543 aliquem
958 3481 1065 3531 orcheni
1079 3497 1135 3537 suae
1149 3489 1184 3538 iu.
1219 3465 1221 3598 Α

235 3549 335 3609 scierat,
347 3543 372 3594 iu
386 3543 478 3594 coelum
493 3542 606 3592 laudibus
618 3543 751 3592 ferebatur.
763 3543 815 3590 Nec
828 3543 920 3592 mirum
935 3556 943 3592 ε
959 3547 1031 3594 erant
1044 3546 1117 3596 enim
1133 3551 1184 3602 haec

237 3625 297 3660 rtoru
309 3614 334 3658 et
346 3606 482 3667 incognita,
497 3611 521 3654 ot
535 3605 642 3665 ipsorum
655 3617 751 3666 quoque
764 3607 891 3654 erutorum
905 3605 1044 3666 pauclssimi
1059 3621 1184 3676 praertpn

238 3675 362 3722 rietur-um
376 3673 418 3718 aut
432 3668 631 3730 philosophorum
645 3665 733 3730 placita
745 3671 917 3730 coquomraut.
929 3669 955 3717 at
965 3667 1069 3719 hercule
1083 3677 1184 3736 pervul-
