2444 4086
322 273 726 366 arsrosnlrs.urrna1a
764 299 770 309 -
955 282 1004 336 ssa

70 399 207 471 laguorre
225 415 282 456 noe
301 399 346 454 rie
366 399 402 455 de
428 399 554 454 soixante
571 396 676 454 miudoe
698 401 728 455 et
744 411 789 454 ssa
811 394 885 454 duaa
904 395 1006 468 james

70 479 123 536 tils!
135 483 184 538 Les
195 483 312 556 simplas
325 483 449 554 citoperrs
461 483 585 554 pensent
598 480 721 550 recidet,
734 483 775 551 ct,
791 479 870 538 selon
883 477 967 554 qu'its
978 478 1007 536 le

69 563 184 634 scaleni,
198 581 229 622 se
239 566 326 622 liarer
337 565 402 638 plns
414 581 453 621 ou
463 565 555 621 moins
569 563 626 620 isla
640 565 751 622 fortune
767 577 860 636 :pour
873 578 943 620 ocur
955 563 1007 636 qui

70 645 217 704 souiuiteut
238 647 378 722 l’cmpire,
402 646 426 702 il
445 645 493 718 n'p
517 663 535 702 a
554 662 648 703 aucun
667 648 746 722 point
764 646 868 704 d’anet
886 647 967 704 entre
980 646 1008 702 lc

69 727 129 785 saite
141 733 170 786 et
182 729 304 787 l’abime.
314 749 331 783 ι

99 813 193 868 LXXV.
208 813 230 868 ll
248 814 340 886 repsit
351 813 382 870 la
395 814 543 886 puissauue
551 811 713 870 del'armde
725 814 761 872 dc
769 813 931 884 Germanic,
940 813 1009 888 qu'il

67 895 214 968 appreciait
231 911 268 952 en
287 897 423 954 militaire
439 897 561 954 babile:
583 917 599 950 s
619 901 708 970 quant
729 895 817 968 diui,
839 913 882 956 ses
902 895 1009 970 legions

67 977 202 1034 n'avaient
219 979 298 1050 point
311 977 355 1035 dte
368 977 521 1051 eprouve'ss
532 995 584 1052 par
601 978 631 1037 la
648 997 749 1054 guerre
763 981 858 1054 civile3
874 979 958 1037 cellas
974 979 1010 1036 de

67 1060 191 1117 Vitellius
206 1060 312 1118 c'taient
329 1063 527 1132 materienses,
540 1066 569 1119 et
587 1063 654 1120 elaea
668 1065 710 1120 les
727 1065 843 1121 raiucus
860 1063 882 1120 il
901 1079 921 1137 p
936 1063 1011 1120 avait

67 1143 125 1216 plus
138 1143 173 1200 de
185 1143 443 1201 mdnnteutement
451 1160 506 1218 que
520 1145 555 1200 de
564 1143 649 1202 iorce.
660 1145 882 1204 L'attachemeut
894 1145 944 1203 des
954 1146 1010 1202 sol-

67 1227 124 1283 dats
137 1225 283 1284 s'atlaiblit
296 1243 333 1284 au
345 1227 442 1284 milieu
452 1228 502 1284 des
511 1227 681 1286 dissensione
693 1231 852 1304 potitiques,
865 1234 894 1287 et
903 1229 1010 1302 chaque

67 1307 177 1367 homme
192 1314 235 1368 est
248 1310 265 1368 a
278 1311 416 1368 craiudre.
432 1310 502 1380 Qnel
516 1327 627 1370 sooours
641 1313 766 1370 atteudre
780 1315 830 1372 des
843 1314 970 1372 cohortes
983 1315 1012 1370 cl

67 1393 100 1450 de
112 1394 140 1450 la
153 1393 305 1464 caralerie,
319 1395 343 1450 si
361 1411 402 1449 uu
416 1393 514 1452 traitre
528 1409 567 1450 ou
586 1395 659 1450 deux
673 1395 845 1453 demandent
858 1395 875 1452 d
891 1411 942 1452 soa
960 1411 1011 1452 en··

67 1476 141 1532 nemi
151 1475 178 1533 le
194 1477 268 1549 prix,
282 1475 408 1548 toujours
421 1474 527 1544 assare,
544 1475 583 1532 du
597 1476 684 1534 crime
695 1477 745 1549 qui
755 1477 834 1534 vient
846 1476 882 1533 de
894 1492 923 1534 se
936 1492 1012 1534 oom-

68 1561 186 1617 mettre‘?
201 1559 298 1616 C’dtait
311 1561 382 1616 ainsi
393 1576 448 1634 que
456 1559 656 1617 Scribonianus
665 1561 740 1616 avait
751 1559 811 1632 peri
819 1575 884 1618 sous
897 1559 1010 1630 Claude,

68 1645 94 1699 et
106 1659 160 1716 que
174 1644 204 1700 lc
217 1644 379 1714 mentirier,
387 1643 561 1716 Volaginium
575 1641 667 1699 s'e'tait
677 1641 756 1698 eleni
769 1643 808 1698 du
816 1643 930 1700 dernier
943 1659 1012 1718 rung

68 1741 121 1784 aux
134 1727 272 1800 premiere
285 1726 394 1798 grades.
410 1723 433 1782 ll
446 1727 488 1782 est
499 1724 563 1798 plus
576 1723 658 1782 lacile
669 1724 704 1781 de
716 1725 842 1783 soulever
854 1723 896 1782 les
908 1741 1014 1784 massus

69 1825 119 1882 que
132 1809 167 1865 de
183 1823 215 1864 se
223 1810 355 1880 garantia·
369 1809 437 1864 d'un
450 1807 512 1864 seul
526 1806 652 1864 homme.
666 1826 681 1860 n

102 1893 211 1948 lxxvi.
227 1893 249 1947 ll
271 1891 337 1948 etait
357 1890 472 1948 ebrauld
492 1906 544 1964 par
557 1905 602 1947 ces
614 1890 751 1962 craintes3
768 1893 840 1949 mais
859 1893 900 1950 les
922 1898 1015 1951 autres

68 1971 235 2031 lientenants
254 1981 283 2031 et
303 1991 348 2031 ses
368 1975 439 2031 amis
459 1974 729 2046 l'euoourageaieut,
752 1979 779 2030 et
799 1977 918 2046 iducieu,
933 1976 1015 2050 apres

68 2057 205 2131 plusieurs
222 2059 373 2114 eatreticns
392 2056 576 2131 paniarliers,
594 2057 636 2113 lui
653 2059 733 2131 parta
752 2059 965 2134 publitpuemcnt
979 2077 1016 2116 un

69 2155 112 2198 ces
125 2145 231 2198 termes
243 2159 250 2196 :
264 2143 360 2198 scona
373 2141 423 2216 qui
433 2139 548 2196 varient
559 2143 652 2197 tenter
663 2141 697 2198 de
712 2142 831 2214 grandes
845 2141 942 2199 choses
956 2141 1016 2200 doi-

69 2229 134 2280 vaut
145 2224 292 2282 examiner
308 2223 331 2279 si
349 2222 412 2280 leur
429 2223 584 2298 entreprise
598 2225 640 2279 est
655 2224 724 2279 utile
739 2223 757 2279 b
771 2213 865 2294 litat,
879 2224 1017 2296 glorieuse

70 2321 141 2379 ponr
154 2306 340 2376 eux-memes,
355 2305 437 2363 facile
453 2305 470 2362 d
482 2305 624 2376 ardenter,
637 2322 675 2363 ou
688 2305 727 2362 du
739 2305 833 2362 moins
850 2306 980 2380 possible.
996 2307 1017 2364 ll

72 2390 128 2447 laut
140 2391 219 2447 aussi
233 2388 391 2447 considerer
405 2389 428 2446 si
442 2389 577 2446 l’homme
591 2389 641 2462 qai
653 2388 682 2446 la
692 2387 836 2461 conseille,
846 2388 928 2464 apres
941 2390 1019 2448 avoir

72 2472 164 2531 donne
179 2489 231 2530 soa
245 2473 315 2543 avis,
328 2472 418 2546 prend
433 2487 464 2530 sa
477 2471 541 2545 part
552 2470 591 2529 du
605 2472 723 2544 danger,
733 2472 772 2544 et,
784 2469 964 2531 silaiortuue
978 2475 1020 2530 est

72 2658 87 2690 s
100 2643 171 2707 ginta
184 2638 264 2690 aetatis
282 2650 359 2688 annos
376 2640 401 2686 et
416 2637 477 2686 duos
492 2634 557 2686 tilios
572 2635 676 2698 juvenes
694 2637 760 2688 bello
780 2636 952 2700 permitteret?
967 2653 1019 2692 esse

72 2701 205 2768 »privatis
219 2699 409 2764 cogitationibus
430 2711 578 2762 regressum,
595 2701 619 2748 et
639 2698 813 2765 proruebat,
834 2702 890 2764 plus
907 2701 1019 2754 minusve

73 2783 87 2814 a
101 2767 168 2817 sumi
179 2777 209 2814 ex
219 2765 318 2812 loriano
330 2777 337 2811 :
347 2760 480 2824 imperium
490 2759 644 2826 cupientibus
651 2759 715 2812 nibil
726 2761 837 2814 medium
848 2763 914 2816 iuter
923 2777 1020 2816 summa

73 2843 87 2876 a
102 2833 147 2878 aut
184 2826 240 2876 raeai
259 2825 311 2874 itia.
325 2841 339 2871 n

105 2843 207 2942 LllllpV.
218 2839 370 2937 Vgrsabatur
384 2887 439 2935 ante
451 2885 535 2934 oculos
548 2883 689 2934 Germanici
704 2885 824 2936 exercitus
835 2887 920 2952 robur,
935 2892 1021 2940 notam

75 2953 128 3002 viro
141 2949 245 3002 militari
258 2965 265 2998 :
276 2965 290 2998 a
302 2961 359 2998 suas
368 2946 478 3009 legiones
489 2945 555 2996 civili
564 2946 629 2995 bello
640 2945 788 3012 inexpertas,
798 2947 892 2998 Vitellii
904 2949 1022 3016 victrices,

76 3030 90 3062 o
103 3018 131 3064 et
146 3013 216 3076 opud
229 3011 305 3060 victos
320 3012 375 3073 plus
387 3008 598 3070 querimoniarum
610 3021 683 3070 quam
699 3009 798 3059 virium.
814 3010 907 3060 llaxam
919 3026 962 3084 per
975 3014 1023 3064 dis-

76 3077 203 3126 »cordius
215 3074 324 3123 militnm
337 3073 421 3134 iidem,
435 3076 459 3120 et
476 3070 614 3133 pericnlum
630 3084 660 3119 ex
673 3069 777 3135 singulis
791 3086 798 3120 :
813 3071 872 3133 qnid
886 3085 953 3122 emm
968 3089 1022 3136 pro·

76 3155 91 3186 s
106 3140 206 3188 laturas
219 3137 333 3184 cobortes
354 3136 463 3198 aulasque,
482 3133 502 3181 si
524 3146 589 3180 naus
610 3133 718 3193 alterque
735 3133 850 3196 presenti
868 3133 969 3185 facinori
983 3152 1023 3200 pa·

79 3205 193 3250 aratum
204 3211 235 3247 aa
248 3197 342 3246 diverso
356 3193 488 3258 praemium
502 3192 582 3256 petat?
600 3193 635 3243 sic
649 3194 840 3244 Scribonianum
859 3197 905 3246 snb
922 3198 1024 3250 Claudio

79 3279 93 3309 n
108 3261 271 3311 interiectum
277 3275 286 3322 ;
295 3259 328 3307 sic
337 3269 508 3320 percussorem
515 3255 734 3328 ¹ojusilolaginium
743 3257 877 3322 egregario
889 3259 920 3308 ad
929 3274 1024 3312 suanm

80 3339 94 3372 s
109 3322 208 3373 militiae
217 3324 368 3383 provectum.
376 3318 472 3367 facilins
479 3331 604 3368 universos
612 3317 707 3379 impelli
718 3333 793 3380 quam
804 3319 913 3382 singulos
925 3323 1003 3372 vitari.
1011 3341 1024 3372 n

113 3385 225 3435 LXXVI.
240 3383 283 3440 His
294 3382 424 3444 pavoribus
438 3382 566 3433 nutantem
580 3382 605 3428 ot
618 3380 660 3428 atii
673 3380 749 3444 legati
762 3381 884 3444 amicique
896 3385 1026 3436 firmabant

82 3446 259 3507 platanonas,
271 3447 326 3506 post
337 3446 428 3492 multos
441 3446 592 3502 secretosque
606 3455 728 3491 sermones
742 3443 796 3504 jam
807 3448 830 3492 et
845 3457 927 3495 coram
942 3446 975 3496 itu
988 3448 1023 3496 lo-

85 3513 159 3559 cutus
172 3523 178 3556 ε
193 3524 206 3555 a
218 3505 360 3568 omnesqui
375 3518 521 3568 magnarum
534 3517 617 3552 rernm
631 3503 733 3553 consilio
746 3504 888 3568 suscipiunt,
905 3508 1025 3558 aetimare

85 3571 205 3620 adebont
223 3583 254 3618 an
267 3569 333 3630 quod
349 3566 478 3618 inchoatur
495 3566 636 3627 reipublicae
658 3566 729 3630 utile,
748 3566 806 3629 ipsis
828 3567 969 3630 gloriosum,
985 3577 1026 3618 arn

85 3647 100 3682 a
113 3636 256 3695 promptum
265 3631 364 3693 ellectu,
377 3633 420 3678 ant
431 3631 495 3678 certe
505 3641 555 3676 uon
568 3628 674 3676 arduum
682 3627 722 3676 sit.
737 3628 812 3675 simul
824 3627 874 3688 ipse
887 3629 930 3690 qui
942 3631 1027 3680 suadet

86 3693 305 3745 »considerandus
319 3695 365 3756 est,
382 3690 512 3752 adjiciatne
528 3688 629 3739 coasilio
647 3689 782 3750 pericnlum
799 3699 881 3752 suum,
899 3692 924 3738 et
939 3689 959 3738 ei
979 3690 1025 3741 tor·
