2462 4102
191 227 242 282 aas
532 283 534 287 Α
588 201 732 280 rucrr'n.

192 343 285 400 rueme
298 341 450 402 au-devant
462 340 500 397 du
513 340 620 415 danger
638 344 688 416 qui
702 344 841 414 menapeit
856 359 906 400 son
919 343 1004 415 irere,
1018 344 1040 400 il
1064 346 1150 402 avait

193 425 275 482 sse'chi
283 424 415 499 quelques
423 424 809 499 senateurs,lorsqueCurtius
819 427 1150 502 Montanus,l'interpel·

165 573 176 592 ·
199 511 259 570 lant
267 525 334 566 avec
346 509 394 565 des
408 509 517 582 peroles
531 508 689 579 tarouches,
702 505 758 567 alla
766 509 877 584 jusqu'i
890 510 1024 568 l’accuser
1034 511 1153 568 d’avoir

192 592 283 652 donne
290 592 323 649 de
332 592 460 664 l'ergent,
470 590 550 664 apres
557 591 587 648 la
596 595 669 649 mort
676 592 814 663 deGnlba,
826 591 990 650 bl'assassin
999 593 1033 650 de
1043 595 1148 664 pison,

193 683 221 736 et
239 676 350 734 dechird
372 675 401 732 la
418 675 474 732 tete
488 675 523 732 de
545 675 627 732 Pison
647 691 714 732 avec
736 691 779 733 ses
794 676 883 734 dents.
900 696 914 730 o
929 677 1033 745 Certes,
1050 677 1149 746 dit-il,

193 761 294 830 Neron,
310 777 380 834 pour
392 763 419 816 te
432 759 532 836 laisser
543 763 584 815 tes
598 759 718 830 dignitds
732 776 769 816 ou
781 761 809 817 la
823 761 879 830 vie,
902 761 949 818 n'a
966 763 1044 834 point
1060 759 1152 833 erige

192 846 228 902 de
242 846 280 902 toi
291 849 361 904 cette
370 843 494 902 cruautd.
507 843 678 912 admettons,
686 841 727 916 j'p
736 859 863 914 consens,
873 846 945 900 cette
955 859 1056 900 excuse
1069 861 1153 917 pour

193 945 264 986 ceux
282 928 332 1001 qui
350 928 456 984 aiment
472 927 566 982 miens
584 925 684 996 perdre
697 925 738 981 les
751 928 844 982 autres
856 942 911 1000 que
932 927 967 982 de
988 941 1016 982 se
1037 927 1152 1000 perdre

194 1011 375 1068 eux-memes.
397 1009 483 1067 L'exil
505 1009 538 1065 de
560 1012 609 1066 tou
626 1007 691 1080 pere
706 1009 883 1080 garentissait
897 1013 926 1065 ta
947 1025 1049 1081 propre
1061 1009 1152 1067 secu-

195 1095 259 1164 rite'3
276 1109 319 1150 ses
332 1094 411 1149 biens
422 1091 527 1148 etaient
539 1089 667 1164 perleges
681 1094 761 1147 entre
780 1089 820 1147 les
834 1091 1002 1162 creanciers3
1025 1095 1076 1148 ton
1090 1093 1151 1164 ige

195 1195 230 1235 ne
245 1183 272 1233 te
286 1176 446 1250 permettait
457 1176 536 1249 point
548 1174 590 1231 les
603 1173 755 1231 honneurs.
771 1171 864 1230 Ne'ron
873 1173 980 1230 n'avait
994 1173 1069 1232 donc
1079 1176 1152 1232 rien

194 1260 350 1330 it'envier,
365 1259 427 1316 rien
441 1257 596 1316 baraindre
606 1256 640 1313 de
650 1259 699 1314 toi.
713 1256 785 1314 G’est
796 1255 825 1314 la
834 1257 945 1331 passion
954 1256 993 1313 du
1005 1266 1153 1330 meurtre,

193 1344 223 1401 la
234 1342 289 1400 soil
300 1343 350 1400 des
363 1342 564 1415 recompenses,
590 1341 639 1414 qui
661 1343 690 1396 te
710 1339 885 1414 pousserent‚
899 1341 951 1411 toi,
967 1340 1035 1398 dont
1052 1342 1082 1399 le
1100 1346 1154 1400 ta-

194 1427 253 1483 lent
272 1428 395 1484 inconnu
418 1425 524 1483 n'avait
544 1439 644 1480 encore
665 1422 787 1480 deiendu
807 1439 917 1481 aucune
943 1439 1046 1495 cause,
1074 1423 1092 1482 ia
1117 1433 1152 1483 te

195 1509 313 1581 baigner
326 1506 397 1566 daus
408 1522 450 1563 un
462 1506 546 1563 noble
559 1521 637 1578 sang.
654 1506 697 1562 On
710 1506 749 1562 t’a
762 1521 811 1575 vu,
825 1504 895 1562 dans
909 1521 954 1562 ces
977 1505 1152 1563 lunerailles

196 1589 230 1648 de
244 1589 273 1645 la
285 1588 461 1662 republique,
475 1587 553 1644 ravir
566 1587 607 1644 les
620 1586 772 1660 ddpouilles
785 1587 850 1643 d'un
864 1589 972 1659 musul,
987 1593 1026 1659 et,
1041 1587 1172 1662 charge,

88 1683 94 1694 ·
196 1672 230 1728 de
245 1676 305 1746 sept
319 1672 442 1729 milliens
457 1671 491 1728 de
506 1675 648 1740 sesterces,
657 1669 775 1726 brillant
788 1670 822 1726 de
831 1669 923 1727 l'dclat
933 1669 972 1728 du
984 1672 1151 1742 sacerdoce,

195 1754 364 1828 envelopper
377 1755 447 1811 dans
460 1769 518 1810 une
532 1753 626 1811 meme
639 1753 722 1810 ruine
736 1754 784 1810 des
795 1752 907 1810 entants
920 1753 1081 1825 innocents‚
1096 1755 1151 1812 des

196 1838 335 1896 vieillards
347 1837 479 1906 illustres,
493 1836 541 1894 des
555 1836 676 1894 lemmes
687 1836 728 1894 du
741 1837 804 1911 plus
817 1837 888 1894 baut
901 1854 982 1912 rung.
1004 1841 1046 1896 Tu
1060 1855 1153 1913 gour-

195 1921 325 1978 mandais
338 1921 368 1977 la
380 1919 489 1978 lachete
503 1919 538 1976 de
556 1919 660 1992 Neron,
674 1937 758 1993 perce
772 1921 840 1993 qu'il
859 1937 888 1977 se
905 1921 1041 1994 tetiguait,
1056 1923 1099 1979 lui
1120 1927 1152 1980 et

197 2005 238 2062 les
251 2003 405 2076 senateurs,
420 2003 436 2060 a
452 2004 564 2076 trapper
581 2002 690 2076 chaque
713 2004 819 2061 lamille
832 2004 908 2061 l'uue
926 2004 1008 2078 apres
1029 2005 1149 2076 l'autrc,

197 2088 289 2148 tundis
302 2089 387 2163 qu'on
401 2086 514 2161 pouvait
526 2086 595 2142 d'uu
609 2087 669 2144 seul
688 2102 758 2160 coup
772 2087 902 2144 aneantir
915 2087 943 2144 le
963 2087 1052 2145 senat.
1070 2089 1149 2146 Gon·

198 2188 292 2230 server
305 2171 387 2242 dopo,
408 2170 488 2244 peres
508 2168 650 2240 conscrits,
671 2168 806 2238 menagec
820 2174 863 2226 cet
876 2169 993 2227 homme
1006 2171 1031 2228 si
1046 2170 1151 2229 lecond

198 2275 234 2315 en
247 2271 413 2325 ressources,
426 2255 484 2311 alin
498 2270 552 2328 que
567 2253 674 2326 chaque
686 2253 738 2326 ige
759 2253 798 2311 ait
812 2269 863 2311 son
876 2253 997 2324 modele,
1016 2257 1045 2310 et
1060 2256 1150 2328 qu'en

197 2341 291 2398 meme
305 2344 396 2414 temps
410 2355 464 2412 que
478 2354 529 2395 nos
543 2337 684 2394 vieillards
698 2340 837 2410 prenneut
845 2353 918 2410 pour
929 2338 1057 2411 exemplo
1070 2339 1150 2396 Mar·-

200 2421 288 2482 cellus
301 2426 329 2480 et
341 2424 463 2497 Crispus,
478 2436 529 2478 nos
547 2419 647 2493 jeunes
666 2436 734 2493 gens
747 2419 860 2478 imitent
876 2419 1008 2494 Regulus.
1028 2422 1069 2478 La
1083 2437 1152 2495 per·

198 2607 297 2645 causam
308 2605 388 2654 neque
398 2605 469 2642 reum
480 2591 554 2654 tueri,
569 2591 610 2640 sed
623 2591 737 2654 periculis
751 2591 833 2642 irati-is
844 2595 921 2644 semet
932 2604 1060 2653 opponens
1071 2591 1147 2644 llere·

199 2661 238 2706 rat
257 2655 384 2717 quosdam.
405 2652 511 2702 occurrit
527 2653 594 2702 truci
612 2655 722 2704 oratioue
740 2655 840 2706 Curtius
858 2655 1001 2718 Montanus,
1020 2667 1051 2703 eo
1066 2669 1147 2718 usque

198 2729 351 2780 progressus,
366 2719 394 2763 ut
409 2721 457 2778 post
474 2716 552 2764 codem
569 2713 642 2764 dolbc
655 2717 729 2766 dotans
746 2717 883 2779 interfectori
899 2717 986 2767 Pisonis
1000 2717 1119 2780 pometum
1133 2734 1147 2768 o

199 2777 281 2840 Reputo
292 2778 449 2840 appetitumque
459 2789 532 2826 morsu
544 2777 633 2826 Pisonis
645 2784 709 2840 capot
722 2776 863 2838 objectaret.
877 2777 955 2827 «Hoc
967 2781 1041 2839 certe,
1055 2778 1149 2844 inquit,

198 2858 213 2889 rt
225 2842 290 2890 Nero
305 2853 353 2888 nou
367 2837 456 2898 coegit,
467 2850 513 2886 nec
525 2837 668 2898 dignitatem
682 2842 725 2887 aut
738 2840 841 2890 salutem
855 2841 897 2889 illa
908 2838 999 2890 saevitia
1011 2840 1147 2890 redemisti.

198 2920 212 2951 a
224 2915 282 2953 sune
297 2902 430 2949 toleremus
443 2899 547 2948 istorum
560 2898 723 2963 detensiones,
740 2900 782 2961 qui
795 2903 898 2964 perdere
914 2901 976 2952 alios
992 2916 1068 2962 quam
1083 2904 1149 2964 peri-

198 2963 304 3014 aclitrui
322 2961 367 3024 ipsi
386 2963 534 3011 maluerunt.
549 2963 573 3010 tc
586 2975 700 3010 securum
716 2963 848 3024 reliquerat
866 2966 934 3013 exsul
950 2968 1019 3025 pater
1032 2967 1057 3012 et
1071 2965 1149 3014 divisa

199 3044 213 3075 »r
226 3027 290 3076 inter
302 3024 432 3074 creditores
445 3024 518 3088 bona,
532 3023 643 3073 noudum
656 3024 779 3074 honorum
794 3039 868 3088 capax
880 3029 948 3088 aetas,
960 3023 1022 3073 nihil
1036 3027 1105 3086 quod
1119 3042 1147 3077 ex

199 3105 213 3136 »
225 3093 249 3138 te
267 3085 447 3148 concupisceret
465 3087 544 3152 Nero,
561 3085 624 3136 nibil
645 3087 710 3148 quod
728 3087 832 3138 timeret.
852 3086 954 3147 libidine
974 3087 1103 3148 sanguinis
1122 3093 1147 3139 et

198 3150 293 3198 »biatu
307 3149 466 3210 praemiorum
481 3147 592 3211 ignotum
607 3150 687 3198 adbuc
701 3149 827 3212 ingenium
840 3152 864 3198 et
878 3148 953 3198 nullis
964 3149 1147 3200 defensionibus

199 3213 355 3274 »expertum
368 3212 436 3262 caede
450 3212 529 3262 nobili
545 3211 667 3275 imbuisti,
682 3226 758 3273 quum
773 3227 802 3262 cr
816 3213 901 3261 sunere
915 3210 1056 3272 reipublicae
1071 3213 1148 3274 raptis
1219 3259 1222 3272 ,

200 3291 214 3322 »
227 3273 393 3324 consuler-ibus
405 3274 499 3338 spoliis,
509 3273 647 3339 septuagies
659 3274 768 3323 sestertio
780 3274 901 3338 saginatus
914 3277 938 3322 ct
950 3273 1086 3322 sacerdotio
1100 3275 1148 3324 lul-

200 3349 300 3400 »gens,
313 3334 424 3384 innoxios
440 3350 543 3399 pueros,
557 3337 664 3385 illustres
679 3349 762 3398 senes,
777 3335 919 3397 conspicuas
937 3333 1040 3384 reminas
1059 3336 1146 3386 eadem

200 3397 298 3448 »ruina
311 3401 488 3458 prosternerem
503 3411 580 3458 quum
591 3397 707 3458 segnitiam
721 3397 815 3447 Neronis
829 3397 961 3456 incusares,
973 3397 1033 3460 puod
1043 3411 1086 3460 per
1099 3400 1149 3448 sirt-

200 3479 214 3509 »
227 3459 289 3522 polos
305 3460 380 3509 domos
396 3471 460 3520 scpuc
474 3462 494 3506 et
508 3458 614 3507 delatores
630 3458 734 3526 fottporct
747 3471 756 3504 :
769 3471 829 3519 posse
845 3459 971 3507 universum
988 3463 1089 3508 eractura
1102 3475 1148 3510 ono

200 3539 215 3570 »
226 3535 276 3574 cccc
289 3520 397 3571 rubenti.
414 3518 523 3579 retinete,
538 3520 618 3578 patres
632 3517 771 3579 conscripti,
785 3521 810 3566 et
824 3523 944 3567 reservate
956 3519 1086 3569 hominem
1098 3526 1146 3572 usn

200 3601 214 3632 a
227 3583 331 3656 expediti
342 3580 445 3643 consilii,
457 3581 486 3626 ut
497 3577 577 3626 curnis
588 3579 648 3624 estus
659 3575 776 3625 instructa
788 3578 827 3651 sit,
839 3583 863 3627 et
875 3581 998 3640 quomodo
1010 3594 1082 3632 senes
1093 3598 1148 3634 nos-

111 3691 114 3702 ,
200 3661 215 3695 a
229 3648 259 3694 tri
271 3645 425 3706 Marcellum,
436 3639 558 3702 Crispum,
568 3637 669 3699 juvence
680 3637 801 3710 Regulum
814 3639 950 3688 inriteutur.
964 3641 1059 3692 invenit
1072 3657 1147 3696 ‹umu-
