2442 4090
372 293 586 349 bistonios,
608 293 720 345 lilVllll
741 294 759 344 l.
1005 295 1037 342 57

83 407 167 464 linir.
182 409 231 463 Les
244 405 381 480 Lponnais
395 405 546 462 excittrent
560 405 630 462 donc
643 405 683 462 les
698 403 811 473 soldels,
826 403 867 460 les
880 401 1038 460 aniinanti

83 491 116 546 le
132 491 302 546 destruction
313 489 348 546 de
362 491 478 546 Vienne.
494 490 594 546 «cette
609 489 674 546 ville
686 489 761 545 avait
774 491 842 544 tenu
852 485 914 544 leur
928 487 1036 544 colonie

83 573 229 645 assiegee,
244 573 360 630 seconde
374 573 414 628 les
431 571 527 629 ellorts
538 572 572 629 de
585 572 703 641 Vindex,
717 568 779 627 leve
792 573 853 626 tout
865 567 1037 626 recomment

77 655 139 712 des
154 656 258 727 legions
277 671 349 729 pour
362 657 389 712 le
403 656 507 712 service
521 656 554 713 de
568 656 664 712 Galba.
675 675 689 706 o
706 655 751 723 st,
766 669 824 710 non
837 656 963 710 contents
977 652 1036 707 d'a-

79 740 152 796 noir
170 739 264 796 donne
276 755 321 796 ces
335 740 470 812 pretextes
491 737 507 794 'a
522 739 660 808 leheim,
677 738 712 794 ils
727 736 896 794 montraient
910 736 938 793 la
954 751 1037 808 gran-

79 823 160 878 deur
173 822 309 879 diibntin.
321 824 358 880 Ge
370 823 503 880 n'eteient
516 821 578 895 de'j'a
591 821 655 895 plus
664 821 699 877 de
708 820 825 878 senetes
838 819 1035 888 exhortatione,

58 907 163 962 mais
184 906 232 962 des
252 907 393 964 instences
413 906 585 980 publiques:
610 904 729 973 an'ils
747 903 895 960 morchent
914 905 986 975 po'ur
1007 917 1035 958 se
1104 975 1111 982 Ι

80 1003 209 1060 renger;
225 989 307 1062 qu'ils
321 989 511 1047 andentissent
524 989 551 1045 le
565 988 643 1061 loyor
656 987 691 1043 de
703 989 795 1044 tontes
804 987 845 1042 les
859 1001 975 1058 guerres
987 986 1036 1042 des

80 1071 210 1141 Gaulos3
226 1070 264 1141 lii,
279 1071 314 1129 ils
328 1089 363 1128 ne
380 1074 543 1129 trouveront
556 1087 612 1144 qne
628 1069 678 1127 des
691 1070 833 1141 etrangers
847 1077 875 1125 ct
889 1068 937 1125 des
950 1085 1035 1126 enne-

79 1154 159 1210 mis.v
171 1154 223 1211 Les
236 1155 376 1211 hubitants
396 1154 431 1211 de
449 1156 536 1228 Lpon,
551 1170 588 1231 eii
606 1153 755 1228 contraire,
777 1155 839 1208 sont
853 1167 909 1208 une
929 1154 1035 1210 colonie

78 1237 231 1308 romeine3
248 1237 284 1292 ils
298 1236 357 1294 font
377 1238 465 1311 partie
486 1237 521 1294 de
539 1236 666 1306 l'ormte
680 1239 827 1309 partagent
840 1250 883 1292 ses
902 1235 995 1293 succes
1008 1242 1036 1292 et

78 1335 130 1376 ses
144 1335 248 1376 revers.
264 1320 292 1377 Si
308 1321 336 1376 lo
347 1320 459 1377 fortune
473 1319 514 1376 les
529 1321 628 1390 trabit,
638 1319 779 1376 serent-ils
788 1317 967 1376 ubandonnes
978 1316 996 1376 ii
1006 1317 1035 1376 lo

77 1400 178 1459 colere
192 1403 227 1458 de
241 1417 286 1459 ces
300 1404 403 1460 voisins
413 1403 554 1460 irritest»
775 1473 781 1482 .

121 1486 211 1541 LllVl.
223 1489 277 1541 Por
286 1501 330 1542 ces
344 1486 466 1543 discours
475 1491 503 1542 et
516 1485 637 1543 d'autres
648 1485 824 1554 semblables,
833 1483 869 1541 ils
877 1485 1034 1542 animerent

78 1568 127 1624 les
142 1569 242 1640 esprits
251 1583 289 1623 eii
303 1569 380 1639 point
391 1585 445 1640 que
456 1569 497 1625 les
511 1568 681 1625 lientenants
690 1568 865 1624 eui-memes
874 1574 901 1624 et
909 1569 950 1624 les
958 1567 1035 1625 cheis

78 1650 126 1706 dn
143 1652 216 1722 perti
231 1649 434 1723 desesperaient
449 1651 483 1708 de
492 1653 608 1724 pouioir
622 1649 785 1709 contenirle
794 1649 884 1708 colere
898 1651 946 1708 des
957 1655 1034 1710 trou-

76 1747 145 1804 pes.
162 1733 212 1788 Les
226 1731 367 1788 habitante
381 1733 415 1788 de
436 1734 552 1802 vienne,
568 1735 617 1806 qui
639 1733 763 1790 scveient
782 1731 847 1806 quel
869 1733 974 1805 danger
992 1733 1033 1792 les

78 1817 236 1886 meneceit,
251 1831 280 1871 se
295 1815 437 1888 porterent
446 1815 463 1871 e
473 1817 502 1872 la
514 1822 663 1874 rencontre
675 1816 709 1872 de
723 1815 849 1886 tarmes,
858 1821 987 1874 couverts
997 1819 1032 1876 de

77 1895 174 1954 nolles
187 1897 259 1954 etde
272 1896 454 1969 bondelettes,
466 1905 504 1969 et,
515 1915 544 1956 se
556 1903 733 1973 pmstemant
747 1899 850 1958 devant
863 1901 904 1958 les
917 1901 1031 1973 soldots,

79 1979 195 2038 baisent
212 1982 289 2038 leurs
308 1997 367 2054 pes,
382 1983 558 2040 embrassant
571 1983 648 2040 leurs
662 1999 773 2057 genoux
786 1987 814 2040 et
835 1983 912 2040 leurs
927 2001 1030 2056 ermes,

78 2062 118 2119 ils
138 2065 302 2136 parvinrent
322 2063 338 2120 l
357 2063 399 2122 les
422 2065 530 2122 flechir.
543 2066 647 2122 Volens
667 2065 699 2122 nt
719 2066 867 2123 distribues
889 2065 905 2122 l
923 2067 1031 2141 chaque

79 2143 199 2201 lioinme
214 2146 280 2202 trois
294 2148 370 2204 cents
386 2151 525 2205 sesterces.
546 2149 589 2206 011
607 2152 655 2204 eut
668 2147 753 2220 egard
771 2146 996 2218 il'anciennete,
1014 2150 1031 2207 lt

78 2227 276 2300 l'importance
297 2228 332 2286 de
350 2230 378 2286 la
394 2230 516 2303 colonie;
531 2235 558 2288 et
575 2232 602 2288 le
622 2229 736 2303 ge'ne'inl
750 2231 793 2287 int
811 2230 1031 2288 levornblement
1073 2224 1078 2232 “

78 2309 625 2384 eooute,loisqn'i1reoommandolnvie
640 2318 667 2369 et
681 2311 710 2368 le
723 2310 816 2368 stricte
826 2310 876 2370 des
887 2312 1028 2370 Viennois.

77 2394 245 2466 Cependent
266 2411 302 2451 on
320 2395 362 2452 les
380 2396 527 2466 dtsormn3
548 2394 692 2456 ilsiurent
707 2394 858 2450 contreints
871 2394 906 2451 de
922 2394 1031 2456 lournir

78 2475 132 2532 des
146 2477 300 2550 provisions
314 2477 348 2534 de
366 2481 443 2535 toute
459 2477 569 2552 espece3
590 2482 619 2534 et
633 2477 660 2533 le
682 2475 932 2536 bruits'accredita
946 2478 1030 2552 qu'ils

76 2648 155 2699 cretis
164 2662 304 2700 connexum
316 2648 412 2699 odium.
421 2648 500 2714 igitur
511 2648 687 2710 Lugdunenses
698 2648 854 2700 exstimulare
865 2650 974 2713 singulos
982 2653 1029 2702 mi·

77 2711 153 2760 litum
162 2715 187 2762 et
196 2712 222 2760 in
232 2712 381 2762 eversionem
391 2710 569 2761 Viennensium
580 2711 707 2773 impellere
716 2711 823 2762 otiosum
830 2713 856 2762 ob
865 2713 914 2763 iltis
922 2713 1028 2766 colonicio

77 2787 159 2836 suom,
173 2774 261 2835 adjutos
277 2773 381 2823 Vindicis
397 2780 501 2837 conatos,
515 2775 651 2836 cmsctiptos
668 2787 738 2837 nuper
750 2775 843 2835 intono
858 2776 1028 2838 inpositione

79 2835 156 2885 (lutto
167 2837 304 2896 referendo.
317 2839 341 2884 et
351 2835 395 2884 ubi
406 2849 492 2886 census
504 2835 618 2884 odiorum
628 2836 819 2898 praetenderant,
830 2837 1027 2899 magnitudinem

78 2897 173 2958 praedae
186 2898 354 2947 ostendebant.
366 2909 411 2946 nec
422 2898 476 2959 inm
489 2901 584 2946 secrete
595 2898 737 2958 exhortatio,
751 2899 793 2947 sed
804 2899 910 2959 publice
921 2914 1005 2961 preces
1018 2917 1025 2952 ε

78 2974 93 3005 n
104 2959 171 3008 irent
184 2961 289 3023 ultores,
303 2959 471 3008 exscinderent
480 2959 562 3008 sedem
575 2959 664 3009 Gallici
680 2960 749 3009 belli.
764 2964 851 3009 cuncto
865 2961 915 3010 illic
927 2966 1027 3014 externe

76 3033 91 3066 it
104 3024 132 3071 et
145 3021 244 3070 hostilia
262 3035 268 3070 ε
286 3035 311 3070 se
325 3021 446 3071 colonium
460 3023 595 3071 domenum
613 3026 637 3071 et
650 3025 744 3084 portem
757 3021 878 3071 exercitus
892 3025 917 3070 et
930 3037 1027 3087 prospe·

3 3115 4 3120 ,
77 3095 191 3132 prorum
207 3084 411 3145 adversarumque
425 3097 510 3132 rerum
521 3082 607 3132 socios.
622 3082 642 3132 si
657 3084 756 3132 fortune
768 3087 854 3131 contra
868 3083 946 3147 daret,
958 3085 1026 3138 iratis

77 3157 136 3195 »ne
150 3147 213 3194 rolin
248 3148 385 3194 crentur.»

4 3253 5 3260 ,
110 3207 199 3256 LXVl.
234 3206 254 3255 is
266 3211 289 3256 et
300 3207 413 3270 pluribus
422 3206 448 3255 in
462 3206 569 3256 eundern
582 3207 685 3256 modum
696 3206 1025 3274 perpulerant,ntnelegsti

79 3268 179 3328 quidem
193 3282 222 3318 ac
235 3268 309 3318 duces
325 3269 431 3331 partium
446 3267 566 3340 restingui
579 3281 648 3340 posse
662 3267 814 3316 iracundiam
827 3271 947 3320 exercitus
961 3276 1025 3323 arbi·
1084 3321 1088 3328 ,
1138 3275 1141 3284 ’

79 3332 212 3393 tricentur,
223 3345 300 3392 quirin
310 3332 377 3380 band
388 3331 469 3394 ignari
479 3329 627 3379 discriminis
638 3329 676 3378 sui
688 3327 840 3380 Viennenses
851 3334 989 3384 volumenta
999 3341 1025 3386 et

4 3425 6 3448 t
79 3390 169 3441 infulas
203 3394 357 3456 raeierentes,
376 3393 421 3441 ubi
441 3406 530 3455 agmen
550 3391 683 3441 incesserat
714 3405 797 3456 armo,
816 3407 909 3458 genua,
923 3396 1024 3460 vestigia

80 3407 214 3526 prensando
229 3455 317 3504 flexere
334 3455 442 3504 militum
458 3453 562 3504 animos.
579 3454 671 3504 eddidit
686 3429 779 3504 Valens
794 3458 903 3506 trecenos
921 3457 1024 3520 singulis

80 3515 198 3566 militibus
208 3517 341 3566 sestertios.
356 3520 409 3566 tum
421 3520 528 3566 vetustas
539 3516 692 3590 dignitasque
704 3516 806 3567 coloniae
818 3518 903 3580 velint,
915 3523 939 3567 et
950 3521 1024 3569 verbe

5 3607 7 3632 p
81 3575 149 3626 rabit
162 3580 266 3628 salntem
280 3578 522 3640 incolumitatemque
540 3578 718 3628 Viennensium
734 3577 928 3627 commendantis
945 3581 1023 3647 equis

83 3638 178 3689 sufibus
188 3644 296 3704 eccepto.
341 3641 405 3691 blice
417 3644 499 3690 tamen
511 3639 585 3690 ermis
597 3637 719 3700 mulctati,
732 3638 830 3700 privetis
841 3642 866 3686 et
877 3639 1023 3697 promiscuis

80 3699 155 3762 copiis
164 3700 253 3763 lusere
266 3701 382 3754 militurn.
399 3701 443 3754 sed
456 3701 524 3754 leuia
538 3705 651 3752 cenetam
664 3699 711 3748 lult
725 3701 798 3760 ipson
815 3695 929 3746 Vokntcn
941 3707 1022 3757 nonan
