2444 4086
199 193 249 246 lth
596 199 740 253 TXCITX.

201 325 266 382 gne,
279 327 308 370 se
324 312 367 369 lin
379 313 484 370 obstine
497 313 514 370 b
527 306 691 370 commettre
709 330 753 370 ces
774 311 924 384 violeneesa
941 312 1011 368 mais
1032 311 1141 385 depuis,

198 393 281 466 cgere
293 411 344 468 par
361 397 402 452 les
417 397 529 453 tavenrs
544 397 578 452 de
592 396 621 453 la
636 397 746 453 fortune
760 399 787 452 et
801 396 849 452 des
863 395 957 466 tacens
967 389 1104 466 'perfides',
1120 396 1140 450 il

197 478 289 550 appril
310 482 338 535 et
358 481 380 536 il
400 496 457 538 osa.
480 482 586 538 Mucien
601 481 747 537 contribua
765 480 840 536 aussi
858 480 892 536 de
907 495 950 535 ses
971 495 1089 551 propres
1103 481 1142 564 ri-

198 560 308 618 chesses
321 578 375 618 aur
389 563 457 620 irais
473 564 507 620 de
522 565 551 620 la
563 579 674 637 guerre,
690 563 823 636 prodigae
844 562 879 618 de
895 577 939 618 ses
957 562 1039 618 biens
1056 579 1141 635 parce
1205 581 1206 592 ¹

180 695 182 704 .
197 645 266 717 qu'il
278 649 411 720 comptait
425 665 474 704 sur
486 665 555 706 ceux
568 649 602 705 de
616 637 708 704 l’lltat.
720 643 851 716 'D’autres'
865 643 880 702 i
893 661 943 701 son
957 647 1086 720 example
1100 647 1142 702 ot-

198 726 295 784 irirent
313 731 347 788 de
362 730 493 806 l'argent3
510 733 616 790 maisit
631 749 648 806 y
663 747 699 788 en
721 734 770 788 eut
782 746 838 806 peu
852 730 898 802 qui
913 735 1012 788 eurent
1031 747 1141 788 comme

192 809 239 892 lui
249 811 277 869 le
291 813 363 872 droit
376 817 410 872 de
424 818 481 872 s'eu
495 817 701 888 dedommager.
724 811 727 818 ’

233 896 349 954 LXXXV.
369 899 532 972 Cependant
545 899 821 970 l'accomplissemeut
840 896 888 953 des
901 897 1004 970 projets
1025 899 1060 956 de
1073 901 1141 974 ties-

198 979 294 1050 pasien
308 981 351 1037 lut
365 981 429 1038 hela
444 999 496 1056 par
510 983 756 1054 ¹l'empressement
769 981 803 1038 de
816 981 932 1038 l'armce
946 981 1068 1054 d'lllyrie
1084 983 1142 1039 isse

197 1062 294 1119 rallier
306 1062 324 1120 ia
338 1081 368 1121 sa
382 1082 473 1122 cause.
490 1067 528 1123 La
541 1065 683 1125 troisi'eme
700 1064 793 1138 legion
813 1065 906 1121 donna
924 1063 1074 1138 l’erernpte
1090 1082 1143 1122 aux
1205 1097 1206 1106 κ

197 1145 270 1201 deux
284 1137 377 1204 autres
391 1149 496 1222 legions
513 1149 547 1206 de
562 1149 591 1206 la
607 1149 700 1217 lle'sie,
715 1148 744 1205 la
758 1147 892 1204 huitieme
914 1151 942 1204 et
959 1147 988 1204 la
1006 1149 1143 1223 septieme
1205 1159 1206 1232 t

197 1228 360 1301 claudiane,
372 1235 420 1306 qui
434 1233 536 1289 etaient
549 1233 603 1289 iort
615 1232 755 1290 attacbees
769 1230 786 1288 ia
800 1231 902 1301 Othon,
912 1231 1098 1304 quoiqu'elles
1108 1249 1143 1289 ne

198 1327 227 1368 se
241 1312 347 1370 iusserit
359 1331 408 1388 pas
423 1315 551 1372 trouvees
568 1315 585 1372 a
604 1315 632 1372 la
649 1314 771 1372 bataille.
787 1315 862 1372 Dans
882 1314 944 1370 leur
961 1315 1079 1372 marche
1095 1331 1144 1372 sur

196 1395 323 1468 Aquilae,
345 1399 412 1456 elles
434 1399 636 1456 mattraitercnt
658 1409 727 1456 ceux
742 1391 797 1471 “qui
822 1397 933 1454 vinreut
952 1413 1098 1454 annonccr
1115 1398 1144 1456 le

197 1478 319 1537 desastre
332 1481 463 1554 d'0tbon,
485 1481 660 1540 dechirerent
678 1482 718 1537 les
738 1482 880 1554 drapeaux
898 1482 945 1552 qui
960 1483 1103 1553 portaieut
1116 1483 1144 1539 le

196 1577 264 1618 nom
279 1564 313 1620 do
328 1565 464 1636 vitellius,
478 1564 609 1637 piltercnt
623 1565 649 1621 le
666 1563 754 1620 tresor
768 1564 802 1619 de
816 1562 930 1619 t'armea
947 1567 974 1620 et
989 1580 1017 1620 sa
1036 1563 1063 1621 le
1079 1583 1145 1639 par-

195 1643 332 1715 tagbrent.
343 1647 439 1704 C'etait
453 1649 514 1722 agir
527 1663 564 1703 en
577 1649 732 1704 ennemies.
744 1645 816 1702 Elles
830 1645 1064 1719 s’etiraybrentde
1073 1654 1144 1707 cette

196 1729 326 1786 condutta
335 1749 344 1800 3
365 1731 392 1786 la
411 1731 517 1786 crainte
535 1731 576 1786 les
590 1729 621 1786 tit
634 1730 773 1800 reticebir,
792 1733 820 1786 ct
835 1729 902 1786 elles
918 1730 1069 1802 sangerent
1084 1731 1101 1788 'a
1114 1750 1145 1791 se

184 1809 266 1875 ‘taire
280 1827 320 1866 un
334 1811 434 1868 merita
448 1813 548 1885 auprbs
563 1814 597 1869 de
610 1813 759 1886 Vespasien
773 1811 807 1868 de
819 1828 850 1869 ee
860 1815 907 1886 qni
916 1811 984 1869 e'tait
998 1830 1038 1868 un
1053 1817 1144 1872 crime

197 1905 254 1946 aux
268 1905 339 1964 yeux
358 1893 393 1949 de
410 1894 546 1950 Vitellius.
570 1895 641 1951 Elias
661 1895 810 1952 ecrivirent
829 1895 901 1951 donc
923 1898 1014 1952 tontes
1037 1899 1143 1956 troisli

196 1972 311 2054 l’armee
326 1976 359 2032 de
380 1979 533 2048 Pannonia,
553 1994 625 2051 pour
641 1978 759 2036 l’attirer
777 1977 846 2034 dens
865 1977 927 2034 leur
948 1981 1032 2053 parti,
1055 1998 1092 2038 en
1113 1983 1143 2040 la

182 2053 356 2132 marceant,
371 2076 408 2117 en
421 2075 468 2118 cas
482 2061 517 2118 de
530 2061 617 2132 relus,
632 2062 666 2118 de
679 2061 803 2117 recourir
814 2059 831 2116 b
844 2060 873 2117 la
887 2061 970 2119 lorea.
985 2067 1030 2120 Au
1044 2065 1143 2124 millen

197 2139 230 2196 de
245 2157 291 2198 ces
303 2148 509 2215 mourements,
522 2147 645 2217 Aponius
659 2144 837 2213 Saturninus,
852 2159 1030 2216 genverneur
1042 2147 1078 2204 de
1088 2149 1144 2205 ura

181 2225 247 2295 sie,
262 2243 333 2298 pour
353 2229 491 2287 satisfaire
508 2229 556 2286 des
576 2229 785 2286 ressentiments
801 2229 973 2302 particuliers
992 2229 1061 2303 qu'il
1075 2249 1143 2290 cou-

196 2308 268 2365 vrait
279 2309 313 2367 de
327 2311 448 2369 l'interet
463 2313 500 2369 du
514 2313 596 2386 parti,
612 2311 731 2385 chargea
744 2329 785 2367 un
797 2313 944 2369 centurion
956 2312 1143 2374 d’assassincr

196 2390 304 2448 'lartius
317 2393 453 2466 Julianus,
466 2393 621 2452 lientenant
634 2395 669 2450 de
684 2395 713 2451 la
731 2393 862 2468 septibme
876 2394 978 2468 legion.
999 2397 1141 2471 Julianus,

195 2563 256 2608 tates
269 2561 335 2609 baud
348 2561 452 2632 perinde
466 2560 617 2626 obstinante,
632 2562 709 2610 donec
727 2561 879 2623 indulgentia
896 2561 1001 2614 torturae
1019 2568 1046 2614 et
1062 2568 1142 2628 pravis

196 2622 317 2684 magistris
329 2621 416 2671 didicit
429 2635 550 2683 aususque
562 2628 606 2672 est.
621 2621 725 2686 propriis
738 2627 834 2686 quaeque
848 2624 933 2685 opibus
948 2625 1080 2677 Mucianus
1091 2631 1144 2680 bel·

189 2683 332 2745 inminuit,
345 2685 428 2746 largus
439 2681 560 2748 privatim,
571 2687 634 2747 queri
648 2685 742 2734 avidius
756 2686 786 2734 de
798 2687 922 2747 republica
933 2692 1053 2738 sumeret.
1066 2694 1142 2742 ceteri

195 2743 400 2794 corrierendarum
417 2745 578 2807 pecuniarum
600 2749 741 2809 exemplum
760 2749 836 2797 secuti
854 2764 861 2798 ε
880 2748 1019 2798 rarissimus
1037 2751 1144 2815 quieque

195 2806 299 2856 eandem
312 2807 339 2854 in
352 2809 520 2870 recuperando
531 2808 655 2860 licentiam
669 2810 818 2859 babuerunt.

182 2865 183 2878 ¹
226 2867 347 2918 LXXXV.
369 2870 510 2921 Accelerata
527 2871 624 2920 interim
645 2870 787 2932 Vespasiani
809 2874 887 2932 coepta
909 2871 1002 2936 lllyrici
1021 2877 1143 2928 exercitus

195 2930 291 2993 studio,
309 2933 452 2994 transgressi
471 2931 497 2980 in
515 2939 603 2996 partes.
620 2933 691 2983 tertia
706 2935 768 2996 tegio
786 2935 926 2994 exemplum
943 2935 1030 2984 celeris
1047 2938 1142 2991 ltloesiae

181 2993 330 3056 ‚legionibus
342 2995 456 3056 praebnit.
472 2997 555 3048 octaua
566 2998 619 3044 erat
633 3009 661 3044 ac
674 2997 775 3056 septima
787 2995 931 3068 Claudiana
942 2995 1046 3048 irnbntae
1059 3000 1142 3052 tavare

195 3055 309 3119 Olbonis,
328 3057 438 3128 quamvis
451 3058 543 3166 (praelio
565 3071 614 3106 non
635 3057 812 3106 intertuissent.
831 3058 967 3130 Aquileiam
990 3074 1141 3127 progressa,

194 3117 344 3178 proturbatis
355 3132 396 3179 qur
409 3119 439 3166 de
472 3119 547 3168 tbonc
558 3119 702 3168 nuntiabant
714 3119 874 3180 laceratisque
889 3121 980 3168 vexrlbs
992 3136 1084 3172 nornen
1102 3127 1143 3184 Vi-

194 3179 252 3228 tellit
264 3179 461 3242 praeierentibus,
476 3187 546 3241 rapta
558 3185 679 3242 postrema
694 3181 796 3242 pecunia
811 3186 834 3230 et
848 3180 912 3231 inter
925 3182 1050 3248 eccleisa,
1063 3187 1143 3236 bosti-

194 3239 252 3288 liter
262 3244 370 3302 egerant.
384 3243 450 3289 unde
463 3247 552 3303 metus,
567 3245 592 3290 et
605 3255 636 3292 ex
649 3246 719 3304 metu
730 3243 858 3292 consilinm
872 3257 878 3292 ε
890 3257 952 3307 peasa
965 3247 1073 3306 trapetum
1087 3249 1142 3300 Vas-
1205 3265 1206 3284 t

180 3303 286 3364 ¹pasiano
301 3315 345 3362 aaa
359 3303 418 3364 opali
434 3302 551 3360 ¹Vitelliam
568 3305 691 3353 accusanda
706 3311 777 3354 orat.
792 3305 826 3354 ita
842 3309 889 3354 tres
907 3307 1011 3356 Moesicae
1030 3309 1141 3372 legiones

181 3376 239 3426 ,per
258 3362 369 3424 epistolas
387 3361 526 3418 alliciebant
544 3365 712 3416 Pannonicum
731 3367 876 3438 exercitum,
894 3371 937 3417 aut
954 3370 1071 3420 abnuenti
1091 3373 1141 3422 rim

196 3423 322 3484 parabant.
341 3424 367 3471 in
383 3437 412 3472 eo
427 3428 497 3472 motu
516 3425 624 3486 Aponius
642 3429 787 3477 Saturninus
804 3431 896 3479 Moesue
910 3435 989 3479 rector
1005 3435 1141 3493 pessimum
1205 3449 1206 3492 ξ

182 3535 186 3544 ,
197 3484 291 3532 lacinus
303 3485 384 3546 audet,
397 3484 471 3532 missa
482 3487 625 3536 centurione
638 3489 668 3539 ad
682 3490 877 3540 interficientium
889 3491 1000 3541 Tertium
1011 3494 1140 3546 lulianum
1205 3501 1206 3504 ’

114 3605 118 3611 .
181 3546 305 3612 ,septimae
324 3543 426 3606 legionis
445 3547 569 3609 legatum,
586 3550 617 3596 ob
635 3551 783 3616 simultates,
803 3553 891 3614 quibus
910 3567 1012 3604 causam
1031 3558 1143 3618 partium

197 3607 370 3668 praetendebat.
380 3597 518 3671 ‘lulianum‘
532 3615 654 3671 comperto
668 3612 806 3662 discrimine
822 3617 846 3662 et
858 3616 942 3678 gnaris
954 3609 1066 3666 locorum
1084 3620 1144 3670 asci-
