2492 4080
270 261 459 346 niliacos
477 249 548 314 sua
567 260 633 313 uus
650 260 858 314 onarnuns.
983 258 1033 312 us

87 377 178 451 qn'on
190 393 330 450 approuse
351 380 425 450 Aper
438 377 471 433 de
488 378 597 434 n'aroir
610 377 688 450 point
705 375 825 433 renoncei
841 389 895 431 aux
913 373 1034 446 disputes

90 461 126 516 de
140 459 246 530 leculo,
261 464 289 516 et
310 461 481 533 d'employer
499 476 541 516 ses
557 457 692 531 loisirs,a
711 459 740 516 la
757 457 882 526 mani'ere
905 457 953 513 des
970 455 1033 514 rhe-

65 547 179 602 ·teurs.
191 543 350 614 modernos,
373 542 465 618 plutot
485 541 548 615 qu'a
567 542 596 598 la
618 532 743 599 muniere
767 541 816 598 des
837 539 950 598 anciens
970 553 1032 594 ora-

89 629 208 684 tentat

125 711 180 766 xv.
198 712 302 767 avons
315 723 352 766 ne
363 723 493 767 vcessarea
512 709 584 767 donc
600 709 690 782 point,
708 707 836 779 Messala,
850 705 937 780 reprit
950 709 1033 780 Aper,

88 791 125 849 de
137 792 292 849 n'admirer
302 807 359 865 que
370 783 540 864 l'a'ntiquite‚
551 792 585 848 de
595 789 694 848 railler
707 791 736 848 et
748 791 783 848 de
796 785 932 862 mepriser
941 804 972 845 ce
986 789 1034 862 qui

88 889 120 929 se
140 873 192 930 lait
209 873 278 930 dans
300 879 380 930 notre
400 874 512 944 tempsi
533 887 582 929 car
600 873 629 944 je
643 887 713 928 vous
730 873 759 928 al
775 870 893 942 sourent
911 867 1034 926 enteudu

88 957 338 1030 di1·e,irousqui
353 957 430 1014 aries
450 955 543 1012 ouhhe
561 955 636 1036 alors
653 957 730 1012 voire
749 953 901 1030 eloquence
919 955 947 1008 et
966 952 1035 1009 celle

87 1041 125 1100 de
136 1046 216 1098 rotre
236 1040 321 1112 irene,
338 1053 395 1114 que
416 1047 486 1097 nous
505 1040 632 1096 n'avions
650 1055 700 1113 pas
718 1033 898 1112 aujourd'hui
911 1053 953 1093 un
975 1034 1035 1092 seul

87 1127 221 1195 orateur3
237 1127 265 1180 et
278 1139 355 1181 mous
368 1124 491 1202 insistiea
510 1123 638 1200 d'autant
655 1124 729 1197 plus,
743 1139 798 1198 que
816 1138 885 1179 vous
905 1137 942 1178 ne
964 1120 1036 1176 erai-

86 1209 171 1280 gniea
184 1223 244 1280 pas,
253 1207 287 1280 jo
294 1223 391 1282 pense,
402 1201 450 1262 sur
462 1221 495 1264 ce
508 1207 597 1280 point,
612 1207 696 1282 qu'on
710 1224 779 1276 vous
792 1201 903 1265 accusat
912 1205 945 1261 de
954 1219 1035 1260 mau·
1142 1243 1149 1262 .

87 1291 167 1347 vaise
181 1291 314 1360 humens,
330 1279 446 1348 attentl'u
467 1307 523 1363 que
536 1307 605 1348 rous
616 1307 684 1348 vous
696 1289 815 1347 reiusiea
829 1287 846 1346 a
858 1286 1035 1346 rous-meme

88 1389 148 1430 une
160 1373 248 1446 gleire
254 1389 309 1448 que
320 1377 380 1432 tout
391 1375 417 1431 le
427 1375 529 1431 monde
541 1391 610 1431 vous
621 1372 745 1432 accorde'.
756 1394 771 1429 s
781 1403 815 1417 -
828 1375 881 1430 ale
891 1387 982 1429 neme
992 1385 1036 1428 re·

88 1473 162 1531 pens
175 1473 228 1530 pas
237 1455 272 1514 (le
288 1473 319 1515 cs
332 1473 387 1531 que
399 1456 448 1530 j'ai
461 1458 513 1528 dit,
527 1456 655 1532 repondit
668 1457 797 1528 Messala,
811 1457 840 1514 et
854 1455 884 1529 je
897 1454 968 1512 crois
981 1469 1036 1526 que

88 1539 244 1611 secundus,
258 1541 398 1599 Maternus
411 1543 440 1596 et
453 1539 640 1608 rousmeme,
655 1535 740 1612 hper‚'
758 1537 877 1612 quoique
890 1553 960 1594 vous
974 1551 1036 1594 sou-

88 1623 183 1679 teniea
199 1622 455 1696 'quelqueloislune
475 1623 589 1695 opinion
609 1621 765 1692 differente,
787 1637 858 1677 vous
878 1635 978 1692 pensez
1002 1618 1036 1674 de

89 1704 197 1762 meme.
206 1707 236 1762 le
250 1705 382 1762 voudrais
395 1719 453 1776 que
465 1706 528 1761 l'un
540 1704 575 1760 de
587 1719 656 1760 vous
669 1719 716 1759 me
728 1701 762 1759 lit
773 1701 803 1760 la
816 1701 898 1776 grace
910 1702 945 1758 de
954 1699 1035 1757 cher-

88 1788 161 1846 cher
173 1792 200 1844 et
209 1788 351 1861 d'exposer
364 1788 405 1844 les
419 1791 515 1864 causes
529 1786 612 1844 tl’une
627 1785 650 1844 si
662 1783 766 1859 grande
776 1785 942 1856 difference3
952 1785 981 1858 je
996 1784 1036 1840 les
1076 1815 1081 1820 ·

88 1870 211 1928 charcha
230 1875 348 1927 souvent
362 1885 398 1926 en
421 1869 598 1940 moi-meme,
619 1873 650 1926 et
664 1886 696 1927 ce
713 1871 762 1944 qui
773 1871 845 1927 rand
859 1868 888 1926 la
910 1868 1036 1944 question

88 1954 156 2027 plus
174 1951 256 2010 facile
275 1969 347 2024 pour
364 1952 405 2009 les
421 1957 529 2031 autres,
545 1951 574 2009 la
586 1951 745 2027 complique
765 1969 837 2027 pour
857 1953 926 2023 mci,
941 1967 989 2008 car
1006 1951 1036 2023 je

88 2036 153 2092 vois
166 2051 220 2108 que
233 2035 261 2092 la
269 2034 363 2091 meme
372 2035 454 2092 chose
468 2039 510 2091 est
523 2035 630 2092 anives
644 2037 711 2093 chen
726 2036 767 2093 les
779 2039 870 2094 Graes.
881 2037 909 2094 S.
921 2033 1035 2106 lucetis,

89 2124 120 2176 et
134 2117 256 2174 d'autres
270 2117 319 2190 qui
336 2117 549 2198 ehranlentpar
565 2118 606 2175 les
623 2121 679 2175 cris
697 2123 725 2175 et
743 2119 784 2176 les
802 2119 922 2192 disputes
936 2119 1037 2176 achar-

88 2200 160 2258 uttes
181 2199 219 2255 de
235 2199 331 2256 l’ecole
354 2198 460 2271 Ephese
481 2215 518 2256 ou
540 2200 681 2273 Mitylene,
700 2205 762 2258 sont
781 2217 882 2257 encore
901 2196 964 2274 plaia
976 2201 1035 2256 loin

90 2281 240 2340 d'ilsohlne
260 2281 290 2337 et
312 2281 346 2337 de
368 2280 554 2340 Demosthene
577 2281 874 2355 qu'hler,'hlricanus
895 2297 934 2346 ou
954 2293 1037 2339 rous-

90 2364 187 2429 meme
201 2379 270 2422 vous
282 2363 371 2421 n'eles
383 2364 442 2422 loin
456 2365 489 2422 de
500 2363 619 2422 Ciceron
633 2381 671 2424 ou
684 2365 831 2423 d'hsinius.
845 2383 860 2419 s
906 2377 909 2386 ’

90 2561 120 2611 ia
133 2560 210 2622 Apro,
221 2556 287 2620 qtrod
298 2555 410 2607 nondum
423 2571 439 2608 a
453 2557 602 2608 scholasticis
617 2560 786 2609 controversiis
802 2561 902 2613 recessit
922 2565 946 2614 et
958 2563 1037 2618 olium

6 2653 7 2664 ,
90 2636 167 2672 saum
180 2619 276 2670 mavult
286 2633 406 2670 novorum
417 2622 544 2670 rhetorum
557 2633 626 2670 more
638 2635 712 2684 quam
725 2627 833 2672 veterum
843 2627 970 2676 oratorum
981 2641 1039 2678 con-

7 2703 8 2708 *
90 2697 228 2734 sumere.»

126 2745 184 2794 XV.
200 2747 263 2795 Tum
278 2746 353 2808 Aper,
369 2745 449 2793 allon
460 2743 561 2809 desinis,
573 2745 685 2818 Messala²
699 2746 782 2796 vetera
794 2751 886 2800 hatum
899 2754 924 2800 et
938 2751 1039 2816 antiqua

7 2815 8 2822 ’
94 2807 1038 2874 mirari,nostrorurnautemtemporumstudiairridereatquecontemuere?

93 2885 156 2920 nam
168 2870 235 2918 hunc
246 2874 317 2917 tuum
328 2881 466 2917 sermonem
477 2883 541 2932 saepe
554 2871 646 2933 excepi,
660 2883 738 2932 quum
751 2872 840 2923 oblitus
854 2878 879 2924 et
892 2880 940 2927 tuae
952 2881 976 2926 et
989 2878 1038 2928 ira-

93 2933 140 2982 tris
154 2932 190 2980 tui
203 2929 349 2992 eloquentie
357 2931 482 2980 neminem
493 2932 541 2981 hoc
550 2933 659 2994 tempore
672 2938 793 2984 oratorem
807 2949 858 2986 esse
867 2938 1038 2990 contenderes·

94 2998 171 3054 utque
184 2993 209 3042 id
221 3006 260 3057 eo,
271 2994 356 3054 credo,
367 2993 493 3056 audacius,
508 2994 572 3056 quod
587 2993 745 3068 malignitatis
759 2997 897 3059 opinionem
911 3015 961 3048 non
972 2979 1040 3051 vere!

95 3056 174 3117 haris,
188 3069 266 3118 quum
285 3067 340 3103 eam
355 3054 467 3126 gloriam,
480 3068 556 3128 quam
568 3054 613 3104 uhi
628 3057 670 3105 alti
685 3058 831 3122 concedunt,
849 3059 857 3106 i
913 3061 957 3110 tihi
968 3063 1040 3112 deue-

94 3131 203 3182 gares.u
219 3142 250 3154 -
264 3131 278 3163 u
291 3117 328 3165 Ne
364 3129 377 3164 e
395 3117 474 3178 illius,
490 3116 583 3179 inquit,
599 3118 718 3166 sermonis
731 3118 783 3168 mei
795 3133 853 3181 poen
864 3123 964 3174 tentiam
978 3138 1039 3189 ago,

94 3193 178 3240 neque
190 3182 233 3228 aut
243 3179 325 3229 Seoun
342 3190 386 3226 um
398 3178 441 3225 aut
453 3177 590 3226 Maternum
604 3183 648 3228 aut
663 3183 687 3228 te
700 3179 792 3244 ipsum,
802 3183 877 3245 Aper,
890 3197 1039 3250 quamquam

94 3241 221 3291 interdum
230 3239 414 3290 ineunti-arium
428 3237 543 3302 disputes,
557 3238 629 3288 aliter
643 3240 731 3289 sentire
745 3243 828 3292 credo.
842 3245 952 3298 acrelim
963 3249 1039 3314 impe.

95 3307 191 3353 tratam
205 3303 236 3351 ab
249 3301 331 3362 eliaam
344 3305 461 3364 restrum,
475 3304 504 3349 ut
514 3313 600 3350 causas
612 3301 686 3363 huJ‘us
698 3302 801 3354 infinitas
814 3305 960 3361 differentia·
973 3327 1040 3365 scru-

94 3368 164 3415 tetur
176 3377 204 3412 ac
217 3363 313 3426 reddat,
323 3377 385 3426 quas
397 3377 495 3412 mecum
508 3362 561 3426 ipse
574 3365 720 3426 plenimque
733 3366 860 3428 conquiro.
875 3374 898 3420 ei
909 3375 973 3433 quod
986 3375 1040 3439 qui.

94 3428 201 3478 busdam
216 3424 301 3474 solatio
313 3428 358 3488 est,
372 3425 434 3474 mihi
449 3430 523 3536 suffit
537 3425 705 3500 questionem,
718 3428 776 3488 quia
787 3427 859 3480 rideo
872 3433 946 3483 etiarn
961 3437 1039 3489 Graiis

96 3489 222 3550 accidisse,
236 3489 266 3536 ut
280 3485 377 3550 longius
391 3487 453 3537 ahsil

95 3555 171 3612 celes,
183 3550 242 3598 etsi
255 3547 310 3612 quis
320 3548 384 3597 aliua
392 3549 515 3613 Ephesum
525 3551 563 3598 vel
574 3549 704 3624 Mityleuas
711 3554 830 3604 contentis
840 3557 1040 3612 scholasticorum

96 3611 248 3664 clamoribus
258 3610 350 3686 quatit,
363 3621 437 3684 quam
450 3613 511 3662 hier
523 3614 568 3662 aut
578 3610 709 3664 Africanus
720 3619 762 3665 aut
775 3629 817 3666 vos
834 3615 881 3680 ipsi
894 3632 910 3668 a
924 3619 1039 3674 Cicerone

97 3675 185 3726 autel)
196 3674 281 3725 haimo
294 3673 434 3726 mutastis.
447 3685 463 3720 a

510 3487 581 3536 chine
598 3492 622 3536 et
636 3489 799 3541 Demosthene
812 3492 930 3544 Sacerdos
941 3497 985 3546 iste
998 3502 1041 3548 Ni·
1134 3491 1140 3506 ⁸
