2524 4088
278 282 473 339 piscosus
491 283 560 336 SUB
578 282 647 336 [ΕΒ
664 278 879 334 carradas
1002 277 1047 329 tut

109 395 211 464 Quand
225 394 266 452 les
280 411 376 452 causes
395 396 430 452 de
447 399 505 452 tent
518 394 628 466 damis,
642 396 683 452 les
701 393 813 452 atiaires
831 392 865 448 de
884 395 945 448 taut
958 391 992 448 de
1005 407 1051 448 co·

107 475 198 534 lonies
208 481 235 534 et
249 479 283 536 de
294 479 450 551 municipes
463 493 532 536 rous
545 478 685 552 appellent
700 493 736 534 au
752 478 866 546 Forum,
877 475 973 548 quand
984 490 1053 531 rous

107 575 213 633 pouvez
227 560 244 618 i
258 562 340 634 peine
349 579 368 634 y
377 561 485 630 suidre,
495 577 564 618 vous
576 577 645 617 vous
656 561 777 632 imposee
789 557 824 615 de
836 557 924 631 quiete
932 558 967 614 de
976 572 1053 614 coenr

107 659 165 699 une
173 643 292 715 besegne
301 645 441 715 nouvelle,
451 645 589 700 Domitius
599 648 627 700 et
638 643 731 706 daton,
741 641 910 700 o'est-d-dire
919 657 985 715 que,
995 655 1053 696 non

107 730 222 783 content
237 728 284 783 des
298 726 386 783 iabtes
401 743 545 800 grecques,
564 743 632 784 vous
646 726 744 784 traitez
758 742 796 783 en
808 728 889 783 outre
902 728 983 781 notre
996 723 1053 780 his-

107 809 178 864 toire
193 811 221 865 et
235 807 283 865 des
297 808 383 881 quots
395 809 556 866 romains.»

147 891 192 947 lv.
210 909 224 943 c
240 893 272 948 te
285 893 371 951 seruis
381 891 595 966 etlreydpreprit
604 893 754 963 Maternus,
764 891 799 949 de
812 890 1053 961 cettesdrdritd,si

107 975 138 1030 la
153 975 274 1048 disputo,
283 974 428 1048 frequente
442 975 626 1034 etineviteble
642 979 721 1032 entre
735 991 818 1044 nous,
827 974 924 1032 n'dtsit
936 990 1054 1047 presque

108 1058 226 1114 werede
240 1074 277 1114 en
290 1059 422 1116 hebitude
429 1076 438 1129 3
455 1075 505 1116 oar
517 1075 598 1128 vous,
607 1075 675 1116 vous
690 1075 726 1115 ne
739 1074 829 1116 cesses
842 1059 922 1133 point
935 1056 1055 1114 d'escsn

110 1141 247 1198 moncher
255 1147 352 1200 contre
362 1142 404 1200 les
413 1142 509 1216 podtes
521 1147 550 1199 et
562 1142 597 1198 de
610 1143 652 1200 les
662 1143 774 1213 railler3
788 1147 816 1198 et
825 1142 893 1212 moi,
904 1140 977 1214 dqci
986 1155 1055 1198 vous

108 1225 261 1296 reprochez
276 1226 310 1282 de
324 1225 450 1300 negliger
458 1227 628 1296 lebarreau,
640 1227 669 1299 je
683 1227 775 1299 plaido
788 1225 897 1298 chaque
908 1226 976 1298 jour'
985 1238 1055 1296 pour

110 1306 247 1365 deiendre
261 1309 289 1366 la
303 1308 396 1382 poesie
415 1313 445 1366 et
464 1310 492 1366 la
513 1309 641 1382 prote'ger
660 1314 756 1368 contre
774 1325 853 1366 vous.
875 1309 956 1366 densi
967 1307 996 1380 je
1009 1321 1055 1364 me

109 1389 216 1463 rdjouis
228 1391 371 1448 sivement
384 1393 471 1465 qu'nn
482 1393 550 1465 juge
572 1407 618 1448 me
638 1392 690 1449 soit
709 1391 802 1462 oilert,
815 1392 865 1463 qui
881 1388 1055 1446 m’interdise

110 1489 184 1546 pour
197 1473 323 1546 toujours
336 1473 370 1530 de
384 1473 522 1545 versider,
537 1491 574 1532 ou
588 1475 636 1547 qui
652 1475 799 1547 m'enqage
813 1489 866 1546 per
879 1487 911 1528 se
925 1473 1055 1542 decidas,

111 1558 142 1612 et
157 1554 222 1612 c'est
237 1572 269 1613 ce
282 1571 337 1630 que
347 1555 376 1628 je
392 1556 518 1614 souhaite
532 1557 628 1629 depuis
639 1555 831 1629 longtemps,d
844 1557 928 1612 sortir
939 1553 973 1611 de
986 1557 1056 1612 cette

111 1639 235 1713 impesse
248 1637 480 1708 duberreau,oi1
492 1639 523 1712 je
535 1655 572 1696 ne
586 1655 633 1696 me
643 1640 699 1696 suis
710 1656 764 1713 que
774 1643 839 1712 trop
849 1637 1054 1710 longtempsia·

112 1719 201 1792 tigne,
216 1735 288 1792 pour
302 1719 418 1778 outiver
431 1724 502 1780 cette
512 1723 592 1780 entre
606 1721 757 1796 eloquence
773 1723 836 1796 plus
850 1723 940 1779 sainte
954 1725 983 1778 et
995 1719 1058 1794 plus

113 1808 239 1874 anguste.
253 1823 268 1858 a
286 1838 287 1842 =

151 1885 184 1940 V.
204 1905 219 1939 c
233 1887 325 1954 Quent
339 1886 356 1944 d
370 1888 438 1958 moi,
452 1888 541 1960 repra
553 1885 706 1960 Secundus,
722 1892 807 1947 arent
819 1889 941 1962 qu’dper
953 1903 1000 1946 mo
1013 1887 1059 1945 rd-

114 1984 192 2038 cuse,
205 1968 235 2042 ie
246 1969 316 2028 ferai
328 1986 438 2028 comme
449 1971 490 2027 les
501 1970 583 2044 juges
592 1971 728 2030 horcndtes
739 1979 767 2028 et
778 1971 903 2043 delicats,
913 1974 962 2046 qui
976 1973 1060 2029 s'abs·

116 2052 245 2112 tiennent
259 2053 328 2110 dens
340 2052 381 2110 les
395 2051 501 2124 proces,
519 2054 614 2127 quand
629 2053 650 2110 il
664 2058 707 2112 est
722 2054 835 2112 e'aident
855 2071 908 2129 que
922 2057 998 2112 l'une
1011 2055 1060 2114 des

115 2135 189 2192 deux
199 2136 301 2208 parties
309 2136 384 2209 jouit
393 2135 584 2208 acpresd'enx
598 2136 682 2196 d'une
696 2137 795 2196 ieseur
805 2139 868 2212 plus
881 2140 996 2212 mande.
1007 2139 1060 2206 Qui

115 2234 155 2276 no
168 2221 231 2289 seit,
245 2235 282 2276 en
296 2219 372 2288 silet,
390 2235 445 2293 que
465 2235 603 2292 personne
615 2237 658 2278 ne
673 2222 753 2278 m'est
765 2221 828 2294 plus
838 2223 899 2290 uni,
914 2225 942 2278 et
955 2237 1007 2294 par
1020 2221 1061 2278 les

116 2306 245 2374 rapports
260 2303 294 2359 de
308 2301 424 2360 l'anritid
435 2305 463 2360 et
475 2318 528 2375 par
537 2303 689 2360 l'hebitnde
701 2303 737 2360 de
748 2305 896 2360 demearer
908 2303 1060 2374 ensemble,

117 2401 174 2460 que
188 2385 294 2444 Saltim
307 2389 417 2457 Bassus,
429 2385 565 2446 excellent
572 2387 700 2459 homme,
709 2391 737 2444 et
745 2387 825 2460 poete
838 2389 997 2460 acromptit
1012 2385 1060 2457 Or,

117 2555 185 2608 circa
200 2557 308 2620 Mum,
322 2569 378 2606 ecee
391 2569 458 2606 nunc
469 2553 535 2604 cirea
550 2556 656 2620 posttau
668 2567 810 2620 consumas*
819 2569 898 2618 quum
912 2560 936 2607 te
952 2561 988 2608 tot
1003 2561 1064 2609 ami·

117 2633 206 2670 corum
224 2632 319 2682 erasm,
334 2623 369 2668 tot
384 2618 536 2667 coloniarum
551 2623 574 2668 et
590 2617 782 2680 municipiorum
799 2617 918 2669 clientelae
937 2619 963 2668 in
981 2623 1063 2671 tonrm

118 2686 219 2744 vocent,
231 2682 319 2744 quibus
331 2680 370 2729 vix
383 2681 521 2741 sufficeres,
535 2679 632 2730 etiarnsi
645 2693 694 2730 non
708 2694 800 2730 novum
816 2681 859 2730 tibi
874 2682 924 2742 ipse
934 2684 1063 2745 ,negotium

118 2745 284 2807 impetrasses,
296 2743 417 2793 Domitium
431 2746 455 2795 et
470 2741 582 2805 Catonem,
593 2743 618 2792 id
632 2748 676 2805 est,
692 2747 788 2791 nostras
802 2756 898 2806 quoque
912 2744 1024 2794 historias
1041 2753 1064 2796 et

119 2807 230 2858 Romana
244 2805 353 2867 nomina,
366 2805 506 2856 creceium
522 2799 610 2853 tabuiis
623 2817 775 2867 aggregaros.
790 2821 804 2850 a

153 2867 198 2917 lv.
213 2867 242 2917 Et
255 2868 380 2917 Maternus
396 2881 402 2916 :
419 2866 605 2916 «Fertur-hares
617 2866 663 2915 hec
678 2871 721 2916 tna
734 2867 872 2930 severitate,
889 2868 936 2918 nisi
952 2870 1066 2932 frequens

119 2933 146 2982 et
159 2929 254 2980 assidua
266 2929 337 2980 nobis
348 2929 471 2978 eontentio
479 2928 533 2990 jam
544 2941 620 2990 prope
631 2928 867 2980 inconsuetudinem
878 2931 996 2980 vertisset.
1008 2946 1064 2982 nam

120 3006 167 3043 nec
178 2995 204 3040 tu
216 2992 307 3054 agitare
319 2995 343 3040 et
354 2990 447 3051 insequi
459 2996 539 3052 poetas
548 2991 699 3064 intermittis?
708 2996 732 3040 et
744 3005 789 3053 ego
810 2990 852 3040 cui
862 2991 981 3042 desidium
994 2995 1066 3042 edro-
1145 3031 1149 3037 .

119 3053 247 3106 cationum
260 3052 354 3116 objicis,
365 3051 537 3114 quotidianum
543 3053 594 3100 boc
605 3053 768 3124 patrocinium
780 3027 940 3124 deteudepdus
951 3054 1066 3104 advorsus

120 3121 147 3168 te
160 3115 261 3178 poeticae
272 3128 385 3165 exerceo.
400 3127 449 3175 quo
463 3115 532 3162 laetor
546 3127 623 3178 meges
637 3115 748 3164 oblatum
761 3115 830 3162 nobis
839 3114 959 3175 iudicem,
972 3116 1014 3176 qui
1026 3131 1066 3165 me

120 3180 163 3230 vei
174 3179 200 3227 in
214 3178 325 3228 tutonem
339 3177 404 3225 vetet
417 3187 501 3224 versus
513 3176 593 3225 iacere
599 3212 608 3238 ‚
618 3175 672 3239 tel,
685 3178 750 3238 quod
762 3174 816 3235 jam
830 3174 928 3235 pridem
941 3181 1013 3242 opto,
1024 3191 1065 3228 ms

120 3253 219 3315 quoquo
230 3239 374 3290 auctoritate
387 3238 516 3309 compellet
521 3273 530 3298 ,
541 3239 569 3285 ut
580 3236 675 3285 omissis
690 3237 826 3286 sorensium
839 3250 968 3309 cunsmnm
980 3253 1068 3303 angus·

120 3303 172 3366 tiis,
186 3301 313 3374 inquibus
328 3299 391 3350 mihi
404 3302 462 3372 satis
475 3311 596 3360 superque
609 3298 723 3348 sedanam
739 3301 786 3361 est,
801 3303 949 3350 sanctiorem
961 3301 1030 3351 illnm
1040 3309 1067 3354 et

121 3362 736 3488 uuidmzloligglcgigqigffizlgecconfflm?antequam
748 3437 788 3472 me
796 3422 905 3484 judicem
920 3426 987 3488 Aper
999 3441 1068 3475 reeu-

122 3492 170 3551 set,
184 3487 275 3538 iscium
290 3461 357 3547 quod
371 3487 442 3549 probi
457 3490 483 3536 et
496 3485 601 3535 modesti
611 3485 706 3546 judices
720 3489 811 3548 solent,
829 3489 858 3534 ut
871 3487 897 3534 in
909 3486 939 3535 iis
953 3489 1068 3549 cognitio-

123 3552 199 3602 nibus
214 3564 240 3599 se
257 3550 388 3611 excusent,
402 3547 429 3596 in
443 3547 533 3610 quibus
548 3547 704 3597 manifestum
717 3552 752 3597 est
766 3550 868 3598 ultorem
879 3551 944 3610 apud
959 3557 999 3597 eos
1013 3562 1069 3610 por·

123 3621 176 3664 tem
187 3611 267 3674 grstia
280 3612 423 3674 praevalere.
436 3609 491 3672 quis
504 3609 570 3659 enim
581 3610 657 3660 nescit
668 3610 791 3660 neminem
803 3609 865 3658 mibi
877 3609 1067 3670 conjunctiores]

123 3689 178 3728 esse
189 3678 213 3726 et
223 3687 270 3724 usu
281 3671 395 3725 amicitiae
406 3675 430 3722 et
440 3671 582 3724 assiduitate
592 3673 746 3724 contubernii
756 3685 829 3734 quens
837 3672 945 3723 Saleium
955 3672 1068 3739 Bassum,

902 3759 935 3808 30
