<?xml version="1.0" encoding="UTF-8"?>
<!DOCTYPE html PUBLIC "-//W3C//DTD XHTML 1.0 Transitional//EN"
    "http://www.w3.org/TR/xhtml1/DTD/xhtml1-transitional.dtd">
<html xmlns="http://www.w3.org/1999/xhtml" xml:lang="en" lang="en">
 <head>
  <title>
</title>
<meta http-equiv="Content-Type" content="text/html;charset=utf-8" />
  <meta name='ocr-system' content='tesseract 3.04.00' />
  <meta name='ocr-capabilities' content='ocr_page ocr_carea ocr_par ocr_line ocrx_word'/>
</head>
<body>
  <div class='ocr_page' id='page_1' title='image "./oeuvrescompltes01tacigoog_0495.png"; bbox 0 0 2492 4080; ppageno 0'>
   <div class='ocr_carea' id='block_1_1' title="bbox 191 191 758 254">
    <p class='ocr_par' dir='ltr' id='par_1_1' title="bbox 191 191 758 254">
     <span class='ocr_line' id='line_1_1' title="bbox 191 191 758 254; baseline -0.007 -8"><span class='ocrx_word' id='word_1_1' title='bbox 191 244 194 254; x_wconf 91' lang='grc'>,</span> <span class='ocrx_word' id='word_1_2' title='bbox 215 193 265 246; x_wconf 78' lang='lat' dir='ltr'>tet</span> <span class='ocrx_word' id='word_1_3' title='bbox 381 235 385 243; x_wconf 88' lang='lat'>.</span> <span class='ocrx_word' id='word_1_4' title='bbox 533 220 536 230; x_wconf 91' lang='lat'>·</span> <span class='ocrx_word' id='word_1_5' title='bbox 614 191 758 247; x_wconf 73' lang='lat' dir='ltr'>redire.</span> 
     </span>
    </p>
   </div>
   <div class='ocr_carea' id='block_1_2' title="bbox 184 302 1165 2536">
    <p class='ocr_par' dir='ltr' id='par_1_2' title="bbox 184 302 1165 2536">
     <span class='ocr_line' id='line_1_2' title="bbox 214 302 1165 382; baseline -0.005 -16"><span class='ocrx_word' id='word_1_6' title='bbox 214 310 378 374; x_wconf 83' lang='lat' dir='ltr'>nommerai.</span> <span class='ocrx_word' id='word_1_7' title='bbox 385 323 536 382; x_wconf 79' lang='lat' dir='ltr'>personne,</span> <span class='ocrx_word' id='word_1_8' title='bbox 551 322 601 376; x_wconf 37' lang='lat' dir='ltr'>me,</span> <span class='ocrx_word' id='word_1_9' title='bbox 612 307 774 372; x_wconf 77' lang='lat' dir='ltr'>contentari</span> <span class='ocrx_word' id='word_1_10' title='bbox 787 303 821 360; x_wconf 90' lang='lat' dir='ltr'>de</span> <span class='ocrx_word' id='word_1_11' title='bbox 836 303 959 376; x_wconf 85' lang='lat' dir='ltr'>signaler</span> <span class='ocrx_word' id='word_1_12' title='bbox 972 302 1101 376; x_wconf 87' lang='lat' dir='ltr'>l’esp&#39;eee.</span> <span class='ocrx_word' id='word_1_13' title='bbox 1119 306 1165 362; x_wconf 82' lang='lat' dir='ltr'>Bu</span> 
     </span>
     <span class='ocr_line' id='line_1_3' title="bbox 215 387 1165 465; baseline -0.005 -15"><span class='ocrx_word' id='word_1_14' title='bbox 215 397 297 462; x_wconf 85' lang='lat' dir='ltr'>reste,</span> <span class='ocrx_word' id='word_1_15' title='bbox 307 408 377 450; x_wconf 86' lang='lat' dir='ltr'>rous</span> <span class='ocrx_word' id='word_1_16' title='bbox 388 406 472 465; x_wconf 71' lang='lat' dir='ltr'>noyez</span> <span class='ocrx_word' id='word_1_17' title='bbox 485 389 594 464; x_wconf 80' lang='lat' dir='ltr'><strong>chaque</strong></span> <span class='ocrx_word' id='word_1_18' title='bbox 606 389 669 462; x_wconf 82' lang='lat' dir='ltr'>jour</span> <span class='ocrx_word' id='word_1_19' title='bbox 686 388 734 447; x_wconf 88' lang='lat' dir='ltr'>des</span> <span class='ocrx_word' id='word_1_20' title='bbox 748 403 817 459; x_wconf 79' lang='lat' dir='ltr'>gens</span> <span class='ocrx_word' id='word_1_21' title='bbox 831 387 879 460; x_wconf 90' lang='lat' dir='ltr'>qui</span> <span class='ocrx_word' id='word_1_22' title='bbox 892 387 977 444; x_wconf 87' lang='lat' dir='ltr'>citent</span> <span class='ocrx_word' id='word_1_23' title='bbox 991 387 1165 446; x_wconf 84' lang='lat' dir='ltr'>Luciliusau</span> 
     </span>
     <span class='ocr_line' id='line_1_4' title="bbox 215 469 1164 547; baseline -0.002 -17"><span class='ocrx_word' id='word_1_24' title='bbox 215 473 275 530; x_wconf 90' lang='lat' dir='ltr'>lieu</span> <span class='ocrx_word' id='word_1_25' title='bbox 289 473 430 542; x_wconf 81' lang='lat' dir='ltr'>d&#39;llorere,</span> <span class='ocrx_word' id='word_1_26' title='bbox 445 470 565 530; x_wconf 77' lang='lat' dir='ltr'>Lucr&#39;eee</span> <span class='ocrx_word' id='word_1_27' title='bbox 579 487 616 526; x_wconf 86' lang='lat' dir='ltr'>eu</span> <span class='ocrx_word' id='word_1_28' title='bbox 630 471 687 527; x_wconf 92' lang='lat' dir='ltr'>lieu</span> <span class='ocrx_word' id='word_1_29' title='bbox 697 470 730 526; x_wconf 87' lang='lat' dir='ltr'>de</span> <span class='ocrx_word' id='word_1_30' title='bbox 739 469 858 547; x_wconf 75' lang='lat' dir='ltr'>¹Virgile3</span> <span class='ocrx_word' id='word_1_31' title='bbox 873 469 923 543; x_wconf 91' lang='lat' dir='ltr'>qui</span> <span class='ocrx_word' id='word_1_32' title='bbox 937 472 1065 526; x_wconf 79' lang='lat' dir='ltr'><strong>trouvent</strong></span> <span class='ocrx_word' id='word_1_33' title='bbox 1078 469 1164 528; x_wconf 80' lang='lat' dir='ltr'>l’dlo-</span> 
     </span>
     <span class='ocr_line' id='line_1_5' title="bbox 215 552 1164 628; baseline -0.003 -16"><span class='ocrx_word' id='word_1_34' title='bbox 215 571 321 628; x_wconf 88' lang='lat' dir='ltr'>qucnoe</span> <span class='ocrx_word' id='word_1_35' title='bbox 330 555 364 611; x_wconf 90' lang='lat' dir='ltr'>de</span> <span class='ocrx_word' id='word_1_36' title='bbox 374 559 452 621; x_wconf 82' lang='lat' dir='ltr'>votre</span> <span class='ocrx_word' id='word_1_37' title='bbox 462 555 519 610; x_wconf 87' lang='lat' dir='ltr'>emi</span> <span class='ocrx_word' id='word_1_38' title='bbox 530 553 657 610; x_wconf 77' lang='lat' dir='ltr'>Aufidius</span> <span class='ocrx_word' id='word_1_39' title='bbox 667 556 767 622; x_wconf 71' lang='lat' dir='ltr'>Bessus</span> <span class='ocrx_word' id='word_1_40' title='bbox 776 569 817 624; x_wconf 33' lang='lat' dir='ltr'>ou,</span> <span class='ocrx_word' id='word_1_41' title='bbox 828 552 862 609; x_wconf 92' lang='lat' dir='ltr'>de</span> <span class='ocrx_word' id='word_1_42' title='bbox 874 552 1008 610; x_wconf 88' lang='lat' dir='ltr'>Servilius</span> <span class='ocrx_word' id='word_1_43' title='bbox 1016 553 1164 610; x_wconf 87' lang='lat' dir='ltr'>Nonianus</span> 
     </span>
     <span class='ocr_line' id='line_1_6' title="bbox 215 635 1165 710; baseline -0.001 -17"><span class='ocrx_word' id='word_1_44' title='bbox 215 636 278 694; x_wconf 85' lang='lat' dir='ltr'>lade</span> <span class='ocrx_word' id='word_1_45' title='bbox 291 655 328 694; x_wconf 88' lang='lat' dir='ltr'>en</span> <span class='ocrx_word' id='word_1_46' title='bbox 342 637 535 710; x_wconf 81' lang='lat' dir='ltr'>mmparaison</span> <span class='ocrx_word' id='word_1_47' title='bbox 557 637 591 692; x_wconf 84' lang='lat' dir='ltr'>de</span> <span class='ocrx_word' id='word_1_48' title='bbox 605 636 675 708; x_wconf 77' lang='lat' dir='ltr'>celle</span> <span class='ocrx_word' id='word_1_49' title='bbox 689 636 723 692; x_wconf 90' lang='lat' dir='ltr'>de</span> <span class='ocrx_word' id='word_1_50' title='bbox 737 637 852 699; x_wconf 75' lang='lat' dir='ltr'>Sisenna</span> <span class='ocrx_word' id='word_1_51' title='bbox 867 652 905 692; x_wconf 89' lang='lat' dir='ltr'>ou</span> <span class='ocrx_word' id='word_1_52' title='bbox 917 635 951 691; x_wconf 91' lang='lat' dir='ltr'>de</span> <span class='ocrx_word' id='word_1_53' title='bbox 966 637 1089 706; x_wconf 69' lang='lat' dir='ltr'>verrom</span> <span class='ocrx_word' id='word_1_54' title='bbox 1111 637 1165 710; x_wconf 88' lang='lat' dir='ltr'>qni</span> 
     </span>
     <span class='ocr_line' id='line_1_7' title="bbox 214 717 1165 794; baseline 0.001 -18"><span class='ocrx_word' id='word_1_55' title='bbox 214 719 384 794; x_wconf 78' lang='lat' dir='ltr'>de&#39;daigneut</span> <span class='ocrx_word' id='word_1_56' title='bbox 393 724 421 779; x_wconf 90' lang='lat' dir='ltr'>et</span> <span class='ocrx_word' id='word_1_57' title='bbox 429 718 559 792; x_wconf 86' lang='lat' dir='ltr'>rejettent</span> <span class='ocrx_word' id='word_1_58' title='bbox 567 719 608 776; x_wconf 87' lang='lat' dir='ltr'>les</span> <span class='ocrx_word' id='word_1_59' title='bbox 617 719 767 784; x_wconf 78' lang='lat' dir='ltr'>murresde</span> <span class='ocrx_word' id='word_1_60' title='bbox 775 735 826 779; x_wconf 89' lang='lat' dir='ltr'>nos</span> <span class='ocrx_word' id='word_1_61' title='bbox 836 717 975 789; x_wconf 74' lang='lat' dir='ltr'>rheteurs,</span> <span class='ocrx_word' id='word_1_62' title='bbox 982 723 1010 776; x_wconf 88' lang='lat' dir='ltr'>et</span> <span class='ocrx_word' id='word_1_63' title='bbox 1017 719 1165 778; x_wconf 90' lang='lat' dir='ltr'>admirent</span> 
     </span>
     <span class='ocr_line' id='line_1_8' title="bbox 215 799 1164 875; baseline -0.001 -15"><span class='ocrx_word' id='word_1_64' title='bbox 215 803 327 860; x_wconf 85' lang='lat' dir='ltr'>calvus.</span> <span class='ocrx_word' id='word_1_65' title='bbox 342 802 499 875; x_wconf 83' lang='lat' dir='ltr'>Diraguent</span> <span class='ocrx_word' id='word_1_66' title='bbox 513 799 529 857; x_wconf 78' lang='lat' dir='ltr'>d</span> <span class='ocrx_word' id='word_1_67' title='bbox 541 801 698 858; x_wconf 88' lang='lat' dir='ltr'>l&#39;ancienue</span> <span class='ocrx_word' id='word_1_68' title='bbox 712 799 838 858; x_wconf 73' lang='lat' dir='ltr'>mentire</span> <span class='ocrx_word' id='word_1_69' title='bbox 852 801 954 858; x_wconf 84' lang='lat' dir='ltr'>derant</span> <span class='ocrx_word' id='word_1_70' title='bbox 966 800 1006 856; x_wconf 88' lang='lat' dir='ltr'>les</span> <span class='ocrx_word' id='word_1_71' title='bbox 1016 801 1110 873; x_wconf 85' lang='lat' dir='ltr'>juges,</span> <span class='ocrx_word' id='word_1_72' title='bbox 1124 802 1164 860; x_wconf 91' lang='lat' dir='ltr'>ils</span> 
     </span>
     <span class='ocr_line' id='line_1_9' title="bbox 214 881 1165 958; baseline 0 -18"><span class='ocrx_word' id='word_1_73' title='bbox 214 881 294 941; x_wconf 87' lang='lat' dir='ltr'>n&#39;ont</span> <span class='ocrx_word' id='word_1_74' title='bbox 306 884 385 958; x_wconf 89' lang='lat' dir='ltr'>point</span> <span class='ocrx_word' id='word_1_75' title='bbox 399 882 556 940; x_wconf 85' lang='lat' dir='ltr'>d’auditcur</span> <span class='ocrx_word' id='word_1_76' title='bbox 570 883 619 956; x_wconf 89' lang='lat' dir='ltr'>qul</span> <span class='ocrx_word' id='word_1_77' title='bbox 633 882 695 940; x_wconf 91' lang='lat' dir='ltr'>leur</span> <span class='ocrx_word' id='word_1_78' title='bbox 708 881 786 956; x_wconf 78' lang='lat' dir='ltr'>prete</span> <span class='ocrx_word' id='word_1_79' title='bbox 800 881 952 954; x_wconf 89' lang='lat' dir='ltr'>attention,</span> <span class='ocrx_word' id='word_1_80' title='bbox 966 883 1046 954; x_wconf 91' lang='lat' dir='ltr'>point</span> <span class='ocrx_word' id='word_1_81' title='bbox 1058 882 1094 940; x_wconf 87' lang='lat' dir='ltr'>de</span> <span class='ocrx_word' id='word_1_82' title='bbox 1108 899 1165 955; x_wconf 94' lang='lat' dir='ltr'>pu-</span> 
     </span>
     <span class='ocr_line' id='line_1_10' title="bbox 214 963 1165 1042; baseline -0.001 -18"><span class='ocrx_word' id='word_1_83' title='bbox 214 967 269 1025; x_wconf 89' lang='lat' dir='ltr'>blic</span> <span class='ocrx_word' id='word_1_84' title='bbox 283 968 332 1042; x_wconf 91' lang='lat' dir='ltr'>qui</span> <span class='ocrx_word' id='word_1_85' title='bbox 347 967 387 1024; x_wconf 91' lang='lat' dir='ltr'>les</span> <span class='ocrx_word' id='word_1_86' title='bbox 406 966 501 1024; x_wconf 78' lang='lat' dir='ltr'>dcoute</span> <span class='ocrx_word' id='word_1_87' title='bbox 508 984 517 1036; x_wconf 90' lang='lat'>;</span> <span class='ocrx_word' id='word_1_88' title='bbox 537 965 612 1024; x_wconf 87' lang='lat' dir='ltr'>leurs</span> <span class='ocrx_word' id='word_1_89' title='bbox 627 965 727 1022; x_wconf 89' lang='lat' dir='ltr'>clients</span> <span class='ocrx_word' id='word_1_90' title='bbox 742 963 916 1025; x_wconf 75' lang='lat' dir='ltr'>eux-memes</span> <span class='ocrx_word' id='word_1_91' title='bbox 930 969 979 1024; x_wconf 90' lang='lat' dir='ltr'>ont</span> <span class='ocrx_word' id='word_1_92' title='bbox 993 965 1074 1038; x_wconf 81' lang='lat' dir='ltr'>peine</span> <span class='ocrx_word' id='word_1_93' title='bbox 1088 965 1106 1022; x_wconf 78' lang='lat' dir='ltr'>ir</span> <span class='ocrx_word' id='word_1_94' title='bbox 1120 967 1165 1023; x_wconf 84' lang='lat' dir='ltr'>les</span> 
     </span>
     <span class='ocr_line' id='line_1_11' title="bbox 197 1046 1162 1124; baseline -0.002 -16"><span class='ocrx_word' id='word_1_95' title='bbox 197 1113 199 1120; x_wconf 23' lang='lat'><strong>¹</strong></span> <span class='ocrx_word' id='word_1_96' title='bbox 213 1054 360 1124; x_wconf 88' lang='lat' dir='ltr'>supporter</span> <span class='ocrx_word' id='word_1_97' title='bbox 372 1066 379 1107; x_wconf 76' lang='grc' dir='ltr'><strong><em>ε</em></strong></span> <span class='ocrx_word' id='word_1_98' title='bbox 390 1049 518 1122; x_wconf 85' lang='lat' dir='ltr'>parleurs</span> <span class='ocrx_word' id='word_1_99' title='bbox 530 1049 623 1106; x_wconf 77' lang='lat' dir='ltr'><strong>tristes</strong></span> <span class='ocrx_word' id='word_1_100' title='bbox 637 1051 665 1104; x_wconf 90' lang='lat' dir='ltr'>et</span> <span class='ocrx_word' id='word_1_101' title='bbox 675 1047 809 1118; x_wconf 81' lang='lat' dir='ltr'>incultos,</span> <span class='ocrx_word' id='word_1_102' title='bbox 819 1047 869 1120; x_wconf 89' lang='lat' dir='ltr'>qui</span> <span class='ocrx_word' id='word_1_103' title='bbox 882 1047 993 1107; x_wconf 83' lang='lat' dir='ltr'>doivent</span> <span class='ocrx_word' id='word_1_104' title='bbox 1003 1046 1020 1104; x_wconf 81' lang='lat' dir='ltr'>ir</span> <span class='ocrx_word' id='word_1_105' title='bbox 1032 1048 1062 1104; x_wconf 81' lang='lat' dir='ltr'>le</span> <span class='ocrx_word' id='word_1_106' title='bbox 1074 1048 1162 1120; x_wconf 75' lang='lat' dir='ltr'>dien,</span> 
     </span>
     <span class='ocr_line' id='line_1_12' title="bbox 215 1130 1164 1203; baseline 0.002 -15"><span class='ocrx_word' id='word_1_107' title='bbox 215 1136 244 1188; x_wconf 90' lang='lat' dir='ltr'>et</span> <span class='ocrx_word' id='word_1_108' title='bbox 256 1149 315 1188; x_wconf 89' lang='lat' dir='ltr'>non</span> <span class='ocrx_word' id='word_1_109' title='bbox 327 1130 344 1188; x_wconf 81' lang='lat' dir='ltr'>d</span> <span class='ocrx_word' id='word_1_110' title='bbox 357 1132 386 1189; x_wconf 90' lang='lat' dir='ltr'>la</span> <span class='ocrx_word' id='word_1_111' title='bbox 395 1130 471 1191; x_wconf 85' lang='lat' dir='ltr'>soree</span> <span class='ocrx_word' id='word_1_112' title='bbox 485 1131 518 1187; x_wconf 91' lang='lat' dir='ltr'>de</span> <span class='ocrx_word' id='word_1_113' title='bbox 527 1131 589 1191; x_wconf 86' lang='lat' dir='ltr'>leur</span> <span class='ocrx_word' id='word_1_114' title='bbox 602 1136 715 1202; x_wconf 83' lang='lat' dir='ltr'>nature,</span> <span class='ocrx_word' id='word_1_115' title='bbox 725 1131 752 1186; x_wconf 91' lang='lat' dir='ltr'>le</span> <span class='ocrx_word' id='word_1_116' title='bbox 766 1147 820 1203; x_wconf 91' lang='lat' dir='ltr'>peu</span> <span class='ocrx_word' id='word_1_117' title='bbox 832 1131 866 1186; x_wconf 91' lang='lat' dir='ltr'>de</span> <span class='ocrx_word' id='word_1_118' title='bbox 876 1130 954 1188; x_wconf 80' lang='lat' dir='ltr'>sante</span> <span class='ocrx_word' id='word_1_119' title='bbox 968 1130 1036 1187; x_wconf 91' lang='lat' dir='ltr'>dont</span> <span class='ocrx_word' id='word_1_120' title='bbox 1048 1132 1085 1188; x_wconf 90' lang='lat' dir='ltr'>ils</span> <span class='ocrx_word' id='word_1_121' title='bbox 1097 1139 1164 1190; x_wconf 91' lang='lat' dir='ltr'>sont</span> 
     </span>
     <span class='ocr_line' id='line_1_13' title="bbox 214 1213 1163 1287; baseline 0.002 -15"><span class='ocrx_word' id='word_1_122' title='bbox 214 1213 289 1272; x_wconf 83' lang='lat' dir='ltr'>flers.</span> <span class='ocrx_word' id='word_1_123' title='bbox 310 1215 349 1270; x_wconf 90' lang='lat' dir='ltr'>Or</span> <span class='ocrx_word' id='word_1_124' title='bbox 366 1214 408 1272; x_wconf 91' lang='lat' dir='ltr'>les</span> <span class='ocrx_word' id='word_1_125' title='bbox 426 1213 571 1272; x_wconf 75' lang='lat' dir='ltr'>medecins</span> <span class='ocrx_word' id='word_1_126' title='bbox 588 1213 649 1272; x_wconf 84' lang='lat' dir='ltr'>ient</span> <span class='ocrx_word' id='word_1_127' title='bbox 666 1213 776 1285; x_wconf 86' lang='lat' dir='ltr'>pende</span> <span class='ocrx_word' id='word_1_128' title='bbox 793 1229 841 1270; x_wconf 87' lang='lat' dir='ltr'>cas</span> <span class='ocrx_word' id='word_1_129' title='bbox 859 1213 943 1270; x_wconf 88' lang='lat' dir='ltr'>d’une</span> <span class='ocrx_word' id='word_1_130' title='bbox 966 1213 1045 1273; x_wconf 81' lang='lat' dir='ltr'>sante</span> <span class='ocrx_word' id='word_1_131' title='bbox 1057 1216 1112 1287; x_wconf 87' lang='lat' dir='ltr'>qui</span> <span class='ocrx_word' id='word_1_132' title='bbox 1124 1232 1163 1274; x_wconf 89' lang='lat' dir='ltr'>ne</span> 
     </span>
     <span class='ocr_line' id='line_1_14' title="bbox 214 1293 1164 1371; baseline 0 -15"><span class='ocrx_word' id='word_1_133' title='bbox 214 1297 344 1356; x_wconf 85' lang='lat' dir='ltr'>s&#39;obtient</span> <span class='ocrx_word' id='word_1_134' title='bbox 360 1297 426 1371; x_wconf 81' lang='lat' dir='ltr'>qu’d</span> <span class='ocrx_word' id='word_1_135' title='bbox 444 1297 519 1355; x_wconf 89' lang='lat' dir='ltr'>torce</span> <span class='ocrx_word' id='word_1_136' title='bbox 540 1297 575 1354; x_wconf 91' lang='lat' dir='ltr'>de</span> <span class='ocrx_word' id='word_1_137' title='bbox 596 1296 691 1368; x_wconf 55' lang='lat' dir='ltr'>seins„</span> <span class='ocrx_word' id='word_1_138' title='bbox 700 1293 772 1353; x_wconf 86' lang='lat' dir='ltr'>C&#39;est</span> <span class='ocrx_word' id='word_1_139' title='bbox 786 1313 842 1370; x_wconf 93' lang='lat' dir='ltr'>peu</span> <span class='ocrx_word' id='word_1_140' title='bbox 856 1297 889 1354; x_wconf 92' lang='lat' dir='ltr'>de</span> <span class='ocrx_word' id='word_1_141' title='bbox 904 1297 991 1357; x_wconf 76' lang='lat' dir='ltr'>n’etre</span> <span class='ocrx_word' id='word_1_142' title='bbox 1003 1298 1084 1369; x_wconf 89' lang='lat' dir='ltr'>point</span> <span class='ocrx_word' id='word_1_143' title='bbox 1097 1315 1164 1358; x_wconf 84' lang='lat' dir='ltr'>ma-</span> 
     </span>
     <span class='ocr_line' id='line_1_15' title="bbox 184 1378 1164 1453; baseline -0.004 -15"><span class='ocrx_word' id='word_1_144' title='bbox 184 1399 189 1407; x_wconf 93' lang='lat'><strong>·</strong></span> <span class='ocrx_word' id='word_1_145' title='bbox 213 1380 287 1452; x_wconf 82' lang='lat' dir='ltr'>lede,</span> <span class='ocrx_word' id='word_1_146' title='bbox 299 1379 321 1436; x_wconf 90' lang='lat' dir='ltr'>il</span> <span class='ocrx_word' id='word_1_147' title='bbox 335 1379 396 1438; x_wconf 84' lang='lat' dir='ltr'>taut</span> <span class='ocrx_word' id='word_1_148' title='bbox 410 1379 471 1438; x_wconf 77' lang='lat' dir='ltr'>ttre</span> <span class='ocrx_word' id='word_1_149' title='bbox 482 1378 548 1450; x_wconf 84' lang='lat' dir='ltr'>tort,</span> <span class='ocrx_word' id='word_1_150' title='bbox 561 1380 674 1453; x_wconf 79' lang='lat' dir='ltr'>joyeux,</span> <span class='ocrx_word' id='word_1_151' title='bbox 689 1379 790 1452; x_wconf 85' lang='lat' dir='ltr'>dispos.</span> <span class='ocrx_word' id='word_1_152' title='bbox 806 1379 1046 1452; x_wconf 77' lang='lat' dir='ltr'>L’hommequ’on</span> <span class='ocrx_word' id='word_1_153' title='bbox 1059 1385 1164 1440; x_wconf 81' lang='lat' dir='ltr'>trouve</span> 
     </span>
     <span class='ocr_line' id='line_1_16' title="bbox 213 1461 1162 1536; baseline 0.003 -16"><span class='ocrx_word' id='word_1_154' title='bbox 213 1461 371 1520; x_wconf 82' lang='lat' dir='ltr'>seulement</span> <span class='ocrx_word' id='word_1_155' title='bbox 383 1462 448 1520; x_wconf 90' lang='lat' dir='ltr'>bien</span> <span class='ocrx_word' id='word_1_156' title='bbox 463 1464 576 1536; x_wconf 85' lang='lat' dir='ltr'>portent</span> <span class='ocrx_word' id='word_1_157' title='bbox 590 1465 631 1518; x_wconf 90' lang='lat' dir='ltr'>est</span> <span class='ocrx_word' id='word_1_158' title='bbox 647 1466 765 1520; x_wconf 87' lang='lat' dir='ltr'>souvent</span> <span class='ocrx_word' id='word_1_159' title='bbox 777 1462 841 1520; x_wconf 88' lang='lat' dir='ltr'>bien</span> <span class='ocrx_word' id='word_1_160' title='bbox 858 1461 921 1534; x_wconf 78' lang='lat' dir='ltr'>pres</span> <span class='ocrx_word' id='word_1_161' title='bbox 934 1462 1020 1520; x_wconf 77' lang='lat' dir='ltr'>d’dtre</span> <span class='ocrx_word' id='word_1_162' title='bbox 1035 1463 1162 1523; x_wconf 87' lang='lat' dir='ltr'>mulede.</span> 
     </span>
     <span class='ocr_line' id='line_1_17' title="bbox 212 1542 1162 1622; baseline 0.003 -20"><span class='ocrx_word' id='word_1_163' title='bbox 212 1542 336 1614; x_wconf 76' lang='lat' dir='ltr'>Quanta</span> <span class='ocrx_word' id='word_1_164' title='bbox 350 1561 430 1616; x_wconf 89' lang='lat' dir='ltr'>vous,</span> <span class='ocrx_word' id='word_1_165' title='bbox 446 1560 506 1602; x_wconf 90' lang='lat' dir='ltr'>mes</span> <span class='ocrx_word' id='word_1_166' title='bbox 518 1542 738 1618; x_wconf 73' lang='lat' dir='ltr'>tres-eloquente</span> <span class='ocrx_word' id='word_1_167' title='bbox 749 1545 832 1617; x_wconf 77' lang='lat' dir='ltr'>emis,</span> <span class='ocrx_word' id='word_1_168' title='bbox 841 1544 965 1604; x_wconf 72' lang='lat' dir='ltr'>illustres</span> <span class='ocrx_word' id='word_1_169' title='bbox 973 1549 1055 1612; x_wconf 89' lang='lat' dir='ltr'>notre</span> <span class='ocrx_word' id='word_1_170' title='bbox 1063 1547 1162 1622; x_wconf 72' lang='lat' dir='ltr'>si‘ecle,</span> 
     </span>
     <span class='ocr_line' id='line_1_18' title="bbox 212 1626 1163 1703; baseline 0.004 -17"><span class='ocrx_word' id='word_1_171' title='bbox 212 1643 322 1686; x_wconf 88' lang='lat' dir='ltr'>comme</span> <span class='ocrx_word' id='word_1_172' title='bbox 335 1644 405 1686; x_wconf 87' lang='lat' dir='ltr'>rous</span> <span class='ocrx_word' id='word_1_173' title='bbox 427 1643 533 1702; x_wconf 84' lang='lat' dir='ltr'>pouvez</span> <span class='ocrx_word' id='word_1_174' title='bbox 553 1628 580 1686; x_wconf 89' lang='lat' dir='ltr'>le</span> <span class='ocrx_word' id='word_1_175' title='bbox 598 1626 682 1700; x_wconf 87' lang='lat' dir='ltr'>taire,</span> <span class='ocrx_word' id='word_1_176' title='bbox 696 1643 807 1686; x_wconf 85' lang='lat' dir='ltr'>comme</span> <span class='ocrx_word' id='word_1_177' title='bbox 827 1645 898 1688; x_wconf 82' lang='lat' dir='ltr'>rous</span> <span class='ocrx_word' id='word_1_178' title='bbox 912 1628 943 1687; x_wconf 86' lang='lat' dir='ltr'>le</span> <span class='ocrx_word' id='word_1_179' title='bbox 962 1628 1052 1700; x_wconf 85' lang='lat' dir='ltr'>laites,</span> <span class='ocrx_word' id='word_1_180' title='bbox 1066 1644 1121 1703; x_wconf 78' lang='lat' dir='ltr'>per</span> <span class='ocrx_word' id='word_1_181' title='bbox 1132 1634 1163 1691; x_wconf 87' lang='lat' dir='ltr'>le</span> 
     </span>
     <span class='ocr_line' id='line_1_19' title="bbox 212 1710 1163 1791; baseline 0.008 -23"><span class='ocrx_word' id='word_1_182' title='bbox 212 1711 276 1786; x_wconf 90' lang='lat' dir='ltr'>plus</span> <span class='ocrx_word' id='word_1_183' title='bbox 288 1713 363 1769; x_wconf 85' lang='lat' dir='ltr'>beau</span> <span class='ocrx_word' id='word_1_184' title='bbox 381 1711 417 1768; x_wconf 90' lang='lat' dir='ltr'>de</span> <span class='ocrx_word' id='word_1_185' title='bbox 431 1715 493 1776; x_wconf 87' lang='lat' dir='ltr'>tous</span> <span class='ocrx_word' id='word_1_186' title='bbox 506 1711 546 1768; x_wconf 90' lang='lat' dir='ltr'>les</span> <span class='ocrx_word' id='word_1_187' title='bbox 555 1727 662 1786; x_wconf 36' lang='lat' dir='ltr'>,geures</span> <span class='ocrx_word' id='word_1_188' title='bbox 675 1710 863 1785; x_wconf 76' lang='lat' dir='ltr'>d&#39;eloqucucc.</span> <span class='ocrx_word' id='word_1_189' title='bbox 885 1714 971 1782; x_wconf 80' lang='lat' dir='ltr'>vous,</span> <span class='ocrx_word' id='word_1_190' title='bbox 990 1714 1118 1786; x_wconf 75' lang='lat' dir='ltr'>Messala,</span> <span class='ocrx_word' id='word_1_191' title='bbox 1130 1718 1163 1791; x_wconf 77' lang='lat' dir='ltr'>J&#39;e</span> 
     </span>
     <span class='ocr_line' id='line_1_20' title="bbox 211 1794 1163 1873; baseline 0.006 -21"><span class='ocrx_word' id='word_1_192' title='bbox 211 1794 239 1852; x_wconf 88' lang='lat' dir='ltr'>le</span> <span class='ocrx_word' id='word_1_193' title='bbox 251 1795 322 1866; x_wconf 85' lang='lat' dir='ltr'>vois,</span> <span class='ocrx_word' id='word_1_194' title='bbox 336 1808 408 1852; x_wconf 79' lang='lat' dir='ltr'>voris</span> <span class='ocrx_word' id='word_1_195' title='bbox 427 1795 524 1852; x_wconf 80' lang='lat' dir='ltr'>imiter</span> <span class='ocrx_word' id='word_1_196' title='bbox 543 1795 585 1854; x_wconf 85' lang='lat' dir='ltr'>les</span> <span class='ocrx_word' id='word_1_197' title='bbox 603 1795 718 1855; x_wconf 78' lang='lat' dir='ltr'>enciens</span> <span class='ocrx_word' id='word_1_198' title='bbox 733 1794 896 1856; x_wconf 80' lang='lat' dir='ltr'>uansleurs</span> <span class='ocrx_word' id='word_1_199' title='bbox 909 1797 1013 1869; x_wconf 87' lang='lat' dir='ltr'>parties</span> <span class='ocrx_word' id='word_1_200' title='bbox 1034 1798 1075 1855; x_wconf 89' lang='lat' dir='ltr'>les</span> <span class='ocrx_word' id='word_1_201' title='bbox 1096 1800 1163 1873; x_wconf 89' lang='lat' dir='ltr'>plus</span> 
     </span>
     <span class='ocr_line' id='line_1_21' title="bbox 211 1875 1162 1950; baseline 0.008 -16"><span class='ocrx_word' id='word_1_202' title='bbox 211 1875 367 1936; x_wconf 86' lang='lat' dir='ltr'>brillentes.</span> <span class='ocrx_word' id='word_1_203' title='bbox 383 1878 468 1946; x_wconf 83' lang='lat' dir='ltr'>vous,</span> <span class='ocrx_word' id='word_1_204' title='bbox 483 1879 624 1946; x_wconf 80' lang='lat' dir='ltr'>Maternus</span> <span class='ocrx_word' id='word_1_205' title='bbox 637 1881 666 1934; x_wconf 90' lang='lat' dir='ltr'>et</span> <span class='ocrx_word' id='word_1_206' title='bbox 679 1877 835 1950; x_wconf 74' lang='lat' dir='ltr'>Secundus,</span> <span class='ocrx_word' id='word_1_207' title='bbox 844 1893 913 1936; x_wconf 82' lang='lat' dir='ltr'>reus</span> <span class='ocrx_word' id='word_1_208' title='bbox 926 1879 1009 1936; x_wconf 77' lang='lat' dir='ltr'>allier</span> <span class='ocrx_word' id='word_1_209' title='bbox 1020 1886 1162 1942; x_wconf 87' lang='lat' dir='ltr'>areetant</span> 
     </span>
     <span class='ocr_line' id='line_1_22' title="bbox 212 1958 1161 2038; baseline 0.004 -20"><span class='ocrx_word' id='word_1_210' title='bbox 212 1959 284 2018; x_wconf 87' lang='lat' dir='ltr'>d&#39;art</span> <span class='ocrx_word' id='word_1_211' title='bbox 298 1958 389 2016; x_wconf 77' lang='lat' dir='ltr'>l&#39;dclat</span> <span class='ocrx_word' id='word_1_212' title='bbox 397 1959 426 2014; x_wconf 90' lang='lat' dir='ltr'>et</span> <span class='ocrx_word' id='word_1_213' title='bbox 434 1959 463 2015; x_wconf 87' lang='lat' dir='ltr'>la</span> <span class='ocrx_word' id='word_1_214' title='bbox 471 1958 632 2016; x_wconf 78' lang='lat' dir='ltr'>distinction</span> <span class='ocrx_word' id='word_1_215' title='bbox 641 1960 691 2018; x_wconf 88' lang='lat' dir='ltr'>des</span> <span class='ocrx_word' id='word_1_216' title='bbox 699 1959 797 2020; x_wconf 79' lang='lat' dir='ltr'>moisi</span> <span class='ocrx_word' id='word_1_217' title='bbox 805 1960 961 2020; x_wconf 80' lang='lat' dir='ltr'>1&#39;elevetion</span> <span class='ocrx_word' id='word_1_218' title='bbox 972 1962 1022 2020; x_wconf 85' lang='lat' dir='ltr'>des</span> <span class='ocrx_word' id='word_1_219' title='bbox 1030 1965 1161 2038; x_wconf 77' lang='lat' dir='ltr'>pensees,</span> 
     </span>
     <span class='ocr_line' id='line_1_23' title="bbox 211 2042 1162 2120; baseline 0.006 -20"><span class='ocrx_word' id='word_1_220' title='bbox 211 2059 281 2100; x_wconf 86' lang='lat' dir='ltr'>rous</span> <span class='ocrx_word' id='word_1_221' title='bbox 294 2044 425 2114; x_wconf 77' lang='lat' dir='ltr'>apportes</span> <span class='ocrx_word' id='word_1_222' title='bbox 433 2044 495 2100; x_wconf 88' lang='lat' dir='ltr'>tant</span> <span class='ocrx_word' id='word_1_223' title='bbox 503 2042 540 2110; x_wconf 87' lang='lat' dir='ltr'>de</span> <span class='ocrx_word' id='word_1_224' title='bbox 548 2042 610 2120; x_wconf 83' lang='lat' dir='ltr'>scin</span> <span class='ocrx_word' id='word_1_225' title='bbox 621 2043 692 2101; x_wconf 86' lang='lat' dir='ltr'>dans</span> <span class='ocrx_word' id='word_1_226' title='bbox 701 2043 730 2100; x_wconf 89' lang='lat' dir='ltr'>le</span> <span class='ocrx_word' id='word_1_227' title='bbox 742 2043 824 2102; x_wconf 79' lang='lat' dir='ltr'>choix</span> <span class='ocrx_word' id='word_1_228' title='bbox 837 2044 967 2118; x_wconf 67' lang='lat' dir='ltr'>deliniet,</span> <span class='ocrx_word' id='word_1_229' title='bbox 976 2048 1039 2102; x_wconf 88' lang='lat' dir='ltr'>tant</span> <span class='ocrx_word' id='word_1_230' title='bbox 1048 2046 1162 2106; x_wconf 87' lang='lat' dir='ltr'>d&#39;ordre</span> 
     </span>
     <span class='ocr_line' id='line_1_24' title="bbox 211 2124 1162 2201; baseline 0.007 -19"><span class='ocrx_word' id='word_1_231' title='bbox 211 2125 283 2182; x_wconf 82' lang='lat' dir='ltr'>dens</span> <span class='ocrx_word' id='word_1_232' title='bbox 298 2125 326 2182; x_wconf 83' lang='lat' dir='ltr'>le</span> <span class='ocrx_word' id='word_1_233' title='bbox 339 2124 532 2198; x_wconf 80' lang='lat' dir='ltr'>composition,</span> <span class='ocrx_word' id='word_1_234' title='bbox 548 2141 713 2196; x_wconf 79' lang='lat' dir='ltr'>venerarer,</span> <span class='ocrx_word' id='word_1_235' title='bbox 727 2126 822 2200; x_wconf 75' lang='lat' dir='ltr'>quand</span> <span class='ocrx_word' id='word_1_236' title='bbox 835 2127 865 2184; x_wconf 85' lang='lat' dir='ltr'>la</span> <span class='ocrx_word' id='word_1_237' title='bbox 878 2143 962 2184; x_wconf 76' lang='lat' dir='ltr'>carne</span> <span class='ocrx_word' id='word_1_238' title='bbox 974 2128 1088 2201; x_wconf 84' lang='lat' dir='ltr'>l&#39;exige,</span> <span class='ocrx_word' id='word_1_239' title='bbox 1103 2147 1162 2190; x_wconf 86' lang='lat' dir='ltr'>une</span> 
     </span>
     <span class='ocr_line' id='line_1_25' title="bbox 211 2207 1163 2284; baseline 0.006 -17"><span class='ocrx_word' id='word_1_240' title='bbox 211 2207 276 2267; x_wconf 84' lang='lat' dir='ltr'>telle</span> <span class='ocrx_word' id='word_1_241' title='bbox 289 2207 465 2279; x_wconf 71' lang='lat' dir='ltr'>nonnemo,</span> <span class='ocrx_word' id='word_1_242' title='bbox 476 2223 536 2284; x_wconf 49' lang='lat' dir='ltr'>¹arne</span> <span class='ocrx_word' id='word_1_243' title='bbox 551 2207 615 2266; x_wconf 89' lang='lat' dir='ltr'>telle</span> <span class='ocrx_word' id='word_1_244' title='bbox 627 2210 767 2268; x_wconf 86' lang='lat' dir='ltr'>concision</span> <span class='ocrx_word' id='word_1_245' title='bbox 782 2213 872 2269; x_wconf 85' lang='lat' dir='ltr'>tontes</span> <span class='ocrx_word' id='word_1_246' title='bbox 886 2210 928 2266; x_wconf 90' lang='lat' dir='ltr'>les</span> <span class='ocrx_word' id='word_1_247' title='bbox 945 2210 998 2266; x_wconf 85' lang='lat' dir='ltr'>tois</span> <span class='ocrx_word' id='word_1_248' title='bbox 1016 2207 1074 2284; x_wconf 77' lang='lat' dir='ltr'>ipuc</span> <span class='ocrx_word' id='word_1_249' title='bbox 1090 2231 1163 2274; x_wconf 75' lang='lat' dir='ltr'>rous</span> 
     </span>
     <span class='ocr_line' id='line_1_26' title="bbox 210 2289 1161 2370; baseline 0.008 -22"><span class='ocrx_word' id='word_1_250' title='bbox 210 2290 238 2348; x_wconf 91' lang='lat' dir='ltr'>le</span> <span class='ocrx_word' id='word_1_251' title='bbox 260 2307 380 2364; x_wconf 87' lang='lat' dir='ltr'>pourez,</span> <span class='ocrx_word' id='word_1_252' title='bbox 405 2307 446 2349; x_wconf 89' lang='lat' dir='ltr'>un</span> <span class='ocrx_word' id='word_1_253' title='bbox 459 2290 499 2348; x_wconf 88' lang='lat' dir='ltr'>tel</span> <span class='ocrx_word' id='word_1_254' title='bbox 513 2289 585 2348; x_wconf 72' lang='lat' dir='ltr'>eolat</span> <span class='ocrx_word' id='word_1_255' title='bbox 598 2291 633 2348; x_wconf 92' lang='lat' dir='ltr'>de</span> <span class='ocrx_word' id='word_1_256' title='bbox 648 2291 735 2365; x_wconf 68' lang='lat' dir='ltr'>style,</span> <span class='ocrx_word' id='word_1_257' title='bbox 754 2308 811 2349; x_wconf 91' lang='lat' dir='ltr'>une</span> <span class='ocrx_word' id='word_1_258' title='bbox 829 2292 895 2350; x_wconf 90' lang='lat' dir='ltr'>telle</span> <span class='ocrx_word' id='word_1_259' title='bbox 915 2293 1020 2350; x_wconf 81' lang='lat' dir='ltr'>nettete</span> <span class='ocrx_word' id='word_1_260' title='bbox 1042 2295 1161 2370; x_wconf 86' lang='lat' dir='ltr'>d’ide&#39;es‚</span> 
     </span>
     <span class='ocr_line' id='line_1_27' title="bbox 209 2373 1161 2448; baseline 0.007 -18"><span class='ocrx_word' id='word_1_261' title='bbox 209 2389 280 2430; x_wconf 79' lang='lat' dir='ltr'>vous</span> <span class='ocrx_word' id='word_1_262' title='bbox 296 2388 410 2430; x_wconf 83' lang='lat' dir='ltr'>remnez</span> <span class='ocrx_word' id='word_1_263' title='bbox 425 2373 466 2430; x_wconf 90' lang='lat' dir='ltr'>les</span> <span class='ocrx_word' id='word_1_264' title='bbox 479 2373 685 2447; x_wconf 83' lang='lat' dir='ltr'>passionsareo</span> <span class='ocrx_word' id='word_1_265' title='bbox 697 2374 933 2446; x_wconf 62' lang='lat' dir='ltr'>contueremur</span> <span class='ocrx_word' id='word_1_266' title='bbox 946 2374 1040 2448; x_wconf 73' lang='lat' dir='ltr'>regler</span> <span class='ocrx_word' id='word_1_267' title='bbox 1053 2378 1078 2432; x_wconf 84' lang='lat' dir='ltr'>si</span> <span class='ocrx_word' id='word_1_268' title='bbox 1091 2378 1161 2437; x_wconf 86' lang='lat' dir='ltr'>bien</span> 
     </span>
     <span class='ocr_line' id='line_1_28' title="bbox 209 2455 1160 2536; baseline 0.008 -24"><span class='ocrx_word' id='word_1_269' title='bbox 209 2460 288 2514; x_wconf 73' lang='lat' dir='ltr'>notre</span> <span class='ocrx_word' id='word_1_270' title='bbox 298 2456 397 2514; x_wconf 80' lang='lat' dir='ltr'>liberte</span> <span class='ocrx_word' id='word_1_271' title='bbox 405 2455 579 2528; x_wconf 80' lang='lat' dir='ltr'>elle-meme,</span> <span class='ocrx_word' id='word_1_272' title='bbox 589 2469 643 2532; x_wconf 83' lang='lat' dir='ltr'>que</span> <span class='ocrx_word' id='word_1_273' title='bbox 656 2456 680 2512; x_wconf 93' lang='lat' dir='ltr'>si</span> <span class='ocrx_word' id='word_1_274' title='bbox 688 2456 719 2536; x_wconf 81' lang='lat' dir='ltr'>la</span> <span class='ocrx_word' id='word_1_275' title='bbox 727 2456 829 2514; x_wconf 86' lang='lat' dir='ltr'>malice</span> <span class='ocrx_word' id='word_1_276' title='bbox 837 2461 865 2514; x_wconf 93' lang='lat' dir='ltr'>et</span> <span class='ocrx_word' id='word_1_277' title='bbox 874 2457 974 2514; x_wconf 82' lang='lat' dir='ltr'>l&#39;enrie</span> <span class='ocrx_word' id='word_1_278' title='bbox 987 2461 1036 2514; x_wconf 92' lang='lat' dir='ltr'>out</span> <span class='ocrx_word' id='word_1_279' title='bbox 1045 2461 1160 2520; x_wconf 76' lang='lat' dir='ltr'>retardt</span> 
     </span>
    </p>
   </div>
   <div class='ocr_carea' id='block_1_3' title="bbox 207 2615 1160 3372">
    <p class='ocr_par' dir='ltr' id='par_1_3' title="bbox 207 2615 1160 3372">
     <span class='ocr_line' id='line_1_29' title="bbox 209 2615 1159 2679; baseline 0.007 -10"><span class='ocrx_word' id='word_1_280' title='bbox 209 2619 340 2669; x_wconf 74' lang='lat' dir='ltr'>uersentur</span> <span class='ocrx_word' id='word_1_281' title='bbox 356 2620 413 2667; x_wconf 82' lang='lat' dir='ltr'>ente</span> <span class='ocrx_word' id='word_1_282' title='bbox 429 2617 512 2666; x_wconf 90' lang='lat' dir='ltr'>oculos</span> <span class='ocrx_word' id='word_1_283' title='bbox 527 2615 569 2666; x_wconf 91' lang='lat' dir='ltr'>isti</span> <span class='ocrx_word' id='word_1_284' title='bbox 585 2616 628 2678; x_wconf 85' lang='lat' dir='ltr'>qui</span> <span class='ocrx_word' id='word_1_285' title='bbox 646 2616 770 2668; x_wconf 84' lang='lat' dir='ltr'>Lucilium</span> <span class='ocrx_word' id='word_1_286' title='bbox 788 2631 833 2679; x_wconf 87' lang='lat' dir='ltr'>pro</span> <span class='ocrx_word' id='word_1_287' title='bbox 851 2617 954 2669; x_wconf 82' lang='lat' dir='ltr'>Horatio</span> <span class='ocrx_word' id='word_1_288' title='bbox 968 2622 994 2668; x_wconf 90' lang='lat' dir='ltr'>et</span> <span class='ocrx_word' id='word_1_289' title='bbox 1012 2621 1159 2678; x_wconf 83' lang='lat' dir='ltr'>Lucretium</span> 
     </span>
     <span class='ocr_line' id='line_1_30' title="bbox 209 2677 1160 2742; baseline 0.007 -12"><span class='ocrx_word' id='word_1_290' title='bbox 209 2693 255 2742; x_wconf 85' lang='lat' dir='ltr'>pro</span> <span class='ocrx_word' id='word_1_291' title='bbox 267 2677 372 2741; x_wconf 78' lang='lat' dir='ltr'>Virgilio</span> <span class='ocrx_word' id='word_1_292' title='bbox 385 2681 484 2740; x_wconf 73' lang='lat' dir='ltr'>legunt3</span> <span class='ocrx_word' id='word_1_293' title='bbox 498 2679 587 2740; x_wconf 89' lang='lat' dir='ltr'>quibus</span> <span class='ocrx_word' id='word_1_294' title='bbox 600 2679 740 2740; x_wconf 76' lang='lat' dir='ltr'>eloquenda</span> <span class='ocrx_word' id='word_1_295' title='bbox 750 2679 844 2732; x_wconf 78' lang='lat' dir='ltr'>tutori</span> <span class='ocrx_word' id='word_1_296' title='bbox 854 2681 921 2732; x_wconf 85' lang='lat' dir='ltr'>Bassi</span> <span class='ocrx_word' id='word_1_297' title='bbox 935 2685 978 2731; x_wconf 84' lang='lat' dir='ltr'>unt</span> <span class='ocrx_word' id='word_1_298' title='bbox 992 2681 1095 2734; x_wconf 78' lang='lat' dir='ltr'>Servilii</span> <span class='ocrx_word' id='word_1_299' title='bbox 1108 2688 1160 2736; x_wconf 88' lang='lat' dir='ltr'>No-</span> 
     </span>
     <span class='ocr_line' id='line_1_31' title="bbox 209 2739 1157 2804; baseline 0.011 -14"><span class='ocrx_word' id='word_1_300' title='bbox 209 2739 278 2790; x_wconf 87' lang='lat' dir='ltr'>niani</span> <span class='ocrx_word' id='word_1_301' title='bbox 291 2753 323 2789; x_wconf 89' lang='lat' dir='ltr'>ex</span> <span class='ocrx_word' id='word_1_302' title='bbox 335 2740 522 2801; x_wconf 84' lang='lat' dir='ltr'>comparatione·</span> <span class='ocrx_word' id='word_1_303' title='bbox 537 2740 647 2792; x_wconf 74' lang='lat' dir='ltr'>Sirenae</span> <span class='ocrx_word' id='word_1_304' title='bbox 660 2745 705 2792; x_wconf 87' lang='lat' dir='ltr'>aut</span> <span class='ocrx_word' id='word_1_305' title='bbox 716 2740 835 2792; x_wconf 85' lang='lat' dir='ltr'>Varronis</span> <span class='ocrx_word' id='word_1_306' title='bbox 851 2744 946 2804; x_wconf 81' lang='lat' dir='ltr'>sordet3</span> <span class='ocrx_word' id='word_1_307' title='bbox 965 2744 1010 2804; x_wconf 85' lang='lat' dir='ltr'>qui</span> <span class='ocrx_word' id='word_1_308' title='bbox 1026 2747 1157 2800; x_wconf 81' lang='lat' dir='ltr'>rhetorum</span> 
     </span>
     <span class='ocr_line' id='line_1_32' title="bbox 209 2800 1158 2872; baseline 0.011 -22"><span class='ocrx_word' id='word_1_309' title='bbox 209 2805 351 2852; x_wconf 85' lang='lat' dir='ltr'>nostrorum</span> <span class='ocrx_word' id='word_1_310' title='bbox 365 2800 554 2852; x_wconf 86' lang='lat' dir='ltr'>commentarios</span> <span class='ocrx_word' id='word_1_311' title='bbox 570 2802 709 2866; x_wconf 78' lang='lat' dir='ltr'>fastidiunt,</span> <span class='ocrx_word' id='word_1_312' title='bbox 728 2805 846 2866; x_wconf 86' lang='lat' dir='ltr'>oderunt,</span> <span class='ocrx_word' id='word_1_313' title='bbox 865 2805 933 2854; x_wconf 80' lang='lat' dir='ltr'>calvi</span> <span class='ocrx_word' id='word_1_314' title='bbox 946 2805 1080 2857; x_wconf 84' lang='lat' dir='ltr'>mirantur.</span> <span class='ocrx_word' id='word_1_315' title='bbox 1096 2825 1158 2872; x_wconf 82' lang='lat' dir='ltr'>qnos</span> 
     </span>
     <span class='ocr_line' id='line_1_33' title="bbox 208 2861 1157 2934; baseline 0.004 -18"><span class='ocrx_word' id='word_1_316' title='bbox 208 2877 279 2916; x_wconf 83' lang='lat' dir='ltr'>more</span> <span class='ocrx_word' id='word_1_317' title='bbox 292 2861 371 2924; x_wconf 85' lang='lat' dir='ltr'>prisco</span> <span class='ocrx_word' id='word_1_318' title='bbox 384 2863 451 2934; x_wconf 78' lang='lat' dir='ltr'>apud</span> <span class='ocrx_word' id='word_1_319' title='bbox 466 2862 574 2934; x_wconf 76' lang='lat' dir='ltr'>iudicem</span> <span class='ocrx_word' id='word_1_320' title='bbox 590 2865 726 2916; x_wconf 74' lang='lat' dir='ltr'>fabulantes</span> <span class='ocrx_word' id='word_1_321' title='bbox 739 2879 788 2914; x_wconf 88' lang='lat' dir='ltr'>non</span> <span class='ocrx_word' id='word_1_322' title='bbox 804 2866 927 2916; x_wconf 78' lang='lat' dir='ltr'>auditores</span> <span class='ocrx_word' id='word_1_323' title='bbox 940 2873 1087 2934; x_wconf 85' lang='lat' dir='ltr'>sequuntur,</span> <span class='ocrx_word' id='word_1_324' title='bbox 1107 2887 1157 2924; x_wconf 84' lang='lat' dir='ltr'>non</span> 
     </span>
     <span class='ocr_line' id='line_1_34' title="bbox 209 2923 1159 2990; baseline 0.013 -17"><span class='ocrx_word' id='word_1_325' title='bbox 209 2926 316 2990; x_wconf 86' lang='lat' dir='ltr'>populus</span> <span class='ocrx_word' id='word_1_326' title='bbox 334 2923 414 2988; x_wconf 78' lang='lat' dir='ltr'>audit,</span> <span class='ocrx_word' id='word_1_327' title='bbox 428 2937 469 2974; x_wconf 82' lang='lat' dir='ltr'>ux</span> <span class='ocrx_word' id='word_1_328' title='bbox 487 2925 592 2984; x_wconf 83' lang='lat' dir='ltr'>denaque</span> <span class='ocrx_word' id='word_1_329' title='bbox 611 2926 717 2988; x_wconf 83' lang='lat' dir='ltr'>litigator</span> <span class='ocrx_word' id='word_1_330' title='bbox 730 2927 868 2989; x_wconf 83' lang='lat' dir='ltr'>perpetitur</span> <span class='ocrx_word' id='word_1_331' title='bbox 881 2943 888 2977; x_wconf 91' lang='lat'>:</span> <span class='ocrx_word' id='word_1_332' title='bbox 903 2929 964 2978; x_wconf 83' lang='lat' dir='ltr'>adeo</span> <span class='ocrx_word' id='word_1_333' title='bbox 982 2932 1066 2980; x_wconf 73' lang='lat' dir='ltr'>moesti</span> <span class='ocrx_word' id='word_1_334' title='bbox 1080 2937 1107 2982; x_wconf 88' lang='lat' dir='ltr'>et</span> <span class='ocrx_word' id='word_1_335' title='bbox 1121 2935 1159 2985; x_wconf 89' lang='lat' dir='ltr'>in-</span> 
     </span>
     <span class='ocr_line' id='line_1_35' title="bbox 208 2984 1159 3055; baseline 0.009 -17"><span class='ocrx_word' id='word_1_336' title='bbox 208 2985 270 3038; x_wconf 86' lang='lat' dir='ltr'>culti</span> <span class='ocrx_word' id='word_1_337' title='bbox 283 2987 352 3037; x_wconf 86' lang='lat' dir='ltr'>illam</span> <span class='ocrx_word' id='word_1_338' title='bbox 365 2985 442 3048; x_wconf 86' lang='lat' dir='ltr'>ipsam</span> <span class='ocrx_word' id='word_1_339' title='bbox 455 2999 530 3048; x_wconf 85' lang='lat' dir='ltr'>quam</span> <span class='ocrx_word' id='word_1_340' title='bbox 543 2984 637 3048; x_wconf 83' lang='lat' dir='ltr'>jactant</span> <span class='ocrx_word' id='word_1_341' title='bbox 651 2989 780 3040; x_wconf 83' lang='lat' dir='ltr'>sanitatem</span> <span class='ocrx_word' id='word_1_342' title='bbox 794 3003 844 3038; x_wconf 89' lang='lat' dir='ltr'>non</span> <span class='ocrx_word' id='word_1_343' title='bbox 861 2989 987 3055; x_wconf 77' lang='lat' dir='ltr'>firmitate,</span> <span class='ocrx_word' id='word_1_344' title='bbox 998 2994 1043 3042; x_wconf 87' lang='lat' dir='ltr'>sed</span> <span class='ocrx_word' id='word_1_345' title='bbox 1060 2994 1159 3054; x_wconf 81' lang='lat' dir='ltr'>jejunio</span> 
     </span>
     <span class='ocr_line' id='line_1_36' title="bbox 208 3049 1159 3120; baseline 0.006 -20"><span class='ocrx_word' id='word_1_346' title='bbox 208 3051 399 3112; x_wconf 84' lang='lat' dir='ltr'>consequuntur.</span> <span class='ocrx_word' id='word_1_347' title='bbox 414 3061 488 3111; x_wconf 90' lang='lat' dir='ltr'>porro</span> <span class='ocrx_word' id='word_1_348' title='bbox 501 3063 534 3098; x_wconf 88' lang='lat' dir='ltr'>ue</span> <span class='ocrx_word' id='word_1_349' title='bbox 548 3050 574 3098; x_wconf 90' lang='lat' dir='ltr'>in</span> <span class='ocrx_word' id='word_1_350' title='bbox 585 3063 687 3112; x_wconf 85' lang='lat' dir='ltr'>corpore</span> <span class='ocrx_word' id='word_1_351' title='bbox 701 3049 803 3112; x_wconf 82' lang='lat' dir='ltr'>quidem</span> <span class='ocrx_word' id='word_1_352' title='bbox 818 3052 1087 3105; x_wconf 82' lang='lat' dir='ltr'>valetudinemmediei</span> <span class='ocrx_word' id='word_1_353' title='bbox 1102 3073 1159 3120; x_wconf 89' lang='lat' dir='ltr'>pro-</span> 
     </span>
     <span class='ocr_line' id='line_1_37' title="bbox 207 3110 1157 3190; baseline 0.011 -31"><span class='ocrx_word' id='word_1_354' title='bbox 207 3111 281 3176; x_wconf 78' lang='lat' dir='ltr'>bant,</span> <span class='ocrx_word' id='word_1_355' title='bbox 294 3123 350 3173; x_wconf 75' lang='lat' dir='ltr'>que</span> <span class='ocrx_word' id='word_1_356' title='bbox 365 3110 443 3160; x_wconf 78' lang='lat' dir='ltr'>mnmi</span> <span class='ocrx_word' id='word_1_357' title='bbox 458 3111 582 3162; x_wconf 72' lang='lat' dir='ltr'>anxietate</span> <span class='ocrx_word' id='word_1_358' title='bbox 601 3112 730 3175; x_wconf 76' lang='lat' dir='ltr'>contingit.</span> <span class='ocrx_word' id='word_1_359' title='bbox 747 3127 836 3174; x_wconf 87' lang='lat' dir='ltr'>parurn</span> <span class='ocrx_word' id='word_1_360' title='bbox 852 3117 888 3163; x_wconf 84' lang='lat' dir='ltr'>est</span> <span class='ocrx_word' id='word_1_361' title='bbox 903 3128 997 3190; x_wconf 69' lang='lat' dir='ltr'>ugrum</span> <span class='ocrx_word' id='word_1_362' title='bbox 1012 3130 1064 3165; x_wconf 88' lang='lat' dir='ltr'>non</span> <span class='ocrx_word' id='word_1_363' title='bbox 1079 3133 1133 3169; x_wconf 83' lang='lat' dir='ltr'>csse</span> <span class='ocrx_word' id='word_1_364' title='bbox 1150 3137 1157 3172; x_wconf 74' lang='grc' dir='ltr'>ι</span> 
     </span>
     <span class='ocr_line' id='line_1_38' title="bbox 207 3173 1159 3244; baseline 0.008 -20"><span class='ocrx_word' id='word_1_365' title='bbox 207 3175 300 3224; x_wconf 88' lang='lat' dir='ltr'>lortem</span> <span class='ocrx_word' id='word_1_366' title='bbox 309 3178 331 3222; x_wconf 88' lang='lat' dir='ltr'>et</span> <span class='ocrx_word' id='word_1_367' title='bbox 343 3173 431 3223; x_wconf 84' lang='lat' dir='ltr'>laetum</span> <span class='ocrx_word' id='word_1_368' title='bbox 445 3176 470 3222; x_wconf 87' lang='lat' dir='ltr'>et</span> <span class='ocrx_word' id='word_1_369' title='bbox 479 3175 589 3224; x_wconf 86' lang='lat' dir='ltr'>alacrem</span> <span class='ocrx_word' id='word_1_370' title='bbox 598 3176 664 3223; x_wconf 82' lang='lat' dir='ltr'>volo.</span> <span class='ocrx_word' id='word_1_371' title='bbox 674 3188 753 3236; x_wconf 86' lang='lat' dir='ltr'>prope</span> <span class='ocrx_word' id='word_1_372' title='bbox 767 3175 837 3224; x_wconf 82' lang='lat' dir='ltr'>abest</span> <span class='ocrx_word' id='word_1_373' title='bbox 850 3176 882 3224; x_wconf 82' lang='lat' dir='ltr'>ab</span> <span class='ocrx_word' id='word_1_374' title='bbox 895 3176 1054 3242; x_wconf 74' lang='lat' dir='ltr'>inormitate,</span> <span class='ocrx_word' id='word_1_375' title='bbox 1066 3179 1093 3228; x_wconf 88' lang='lat' dir='ltr'>in</span> <span class='ocrx_word' id='word_1_376' title='bbox 1108 3195 1159 3244; x_wconf 79' lang='lat' dir='ltr'>qno</span> 
     </span>
     <span class='ocr_line' id='line_1_39' title="bbox 208 3234 1160 3310; baseline 0.011 -26"><span class='ocrx_word' id='word_1_377' title='bbox 208 3236 261 3285; x_wconf 79' lang='lat' dir='ltr'>sola</span> <span class='ocrx_word' id='word_1_378' title='bbox 273 3234 362 3284; x_wconf 84' lang='lat' dir='ltr'>sanitas</span> <span class='ocrx_word' id='word_1_379' title='bbox 375 3235 499 3284; x_wconf 83' lang='lat' dir='ltr'>laudetur.</span> <span class='ocrx_word' id='word_1_380' title='bbox 514 3235 573 3286; x_wconf 73' lang='lat' dir='ltr'>Vos,</span> <span class='ocrx_word' id='word_1_381' title='bbox 585 3247 656 3298; x_wconf 85' lang='lat' dir='ltr'>vero,</span> <span class='ocrx_word' id='word_1_382' title='bbox 674 3235 839 3300; x_wconf 77' lang='lat' dir='ltr'>disertissimi,</span> <span class='ocrx_word' id='word_1_383' title='bbox 851 3241 881 3286; x_wconf 91' lang='lat' dir='ltr'>ut</span> <span class='ocrx_word' id='word_1_384' title='bbox 894 3238 1007 3309; x_wconf 82' lang='lat' dir='ltr'>potestis,</span> <span class='ocrx_word' id='word_1_385' title='bbox 1022 3245 1050 3288; x_wconf 91' lang='lat' dir='ltr'>ut</span> <span class='ocrx_word' id='word_1_386' title='bbox 1064 3243 1160 3310; x_wconf 84' lang='lat' dir='ltr'>tacitis,</span> 
     </span>
     <span class='ocr_line' id='line_1_40' title="bbox 207 3297 1160 3372; baseline 0.009 -26"><span class='ocrx_word' id='word_1_387' title='bbox 207 3299 329 3346; x_wconf 87' lang='lat' dir='ltr'>illustrate</span> <span class='ocrx_word' id='word_1_388' title='bbox 342 3297 459 3345; x_wconf 78' lang='lat' dir='ltr'>saeculum</span> <span class='ocrx_word' id='word_1_389' title='bbox 472 3300 583 3346; x_wconf 89' lang='lat' dir='ltr'>nostrum</span> <span class='ocrx_word' id='word_1_390' title='bbox 597 3298 763 3360; x_wconf 88' lang='lat' dir='ltr'>pulcherrimo</span> <span class='ocrx_word' id='word_1_391' title='bbox 777 3313 867 3360; x_wconf 81' lang='lat' dir='ltr'>genere</span> <span class='ocrx_word' id='word_1_392' title='bbox 880 3300 986 3348; x_wconf 80' lang='lat' dir='ltr'>dicendi.</span> <span class='ocrx_word' id='word_1_393' title='bbox 1004 3313 1066 3350; x_wconf 87' lang='lat' dir='ltr'>nam</span> <span class='ocrx_word' id='word_1_394' title='bbox 1080 3307 1108 3353; x_wconf 88' lang='lat' dir='ltr'>et</span> <span class='ocrx_word' id='word_1_395' title='bbox 1124 3311 1160 3372; x_wconf 83' lang='lat' dir='ltr'>te,</span> 
     </span>
    </p>
   </div>
   <div class='ocr_carea' id='block_1_4' title="bbox 135 3355 1231 3428">
    <p class='ocr_par' dir='ltr' id='par_1_4' title="bbox 135 3355 1231 3428">
     <span class='ocr_line' id='line_1_41' title="bbox 135 3355 1231 3428; baseline 0.002 -18"><span class='ocrx_word' id='word_1_396' title='bbox 135 3403 138 3410; x_wconf 89' lang='lat'><em>.</em></span> <span class='ocrx_word' id='word_1_397' title='bbox 208 3359 322 3420; x_wconf 81' lang='lat' dir='ltr'>Messala,</span> <span class='ocrx_word' id='word_1_398' title='bbox 334 3355 405 3406; x_wconf 88' lang='lat' dir='ltr'>video</span> <span class='ocrx_word' id='word_1_399' title='bbox 418 3357 542 3407; x_wconf 78' lang='lat' dir='ltr'>letissimo</span> <span class='ocrx_word' id='word_1_400' title='bbox 555 3371 659 3420; x_wconf 78' lang='lat' dir='ltr'>qumque</span> <span class='ocrx_word' id='word_1_401' title='bbox 672 3361 831 3424; x_wconf 76' lang='lat' dir='ltr'>enfiquornm</span> <span class='ocrx_word' id='word_1_402' title='bbox 841 3360 986 3425; x_wconf 86' lang='lat' dir='ltr'>imitantem,</span> <span class='ocrx_word' id='word_1_403' title='bbox 996 3366 1024 3411; x_wconf 87' lang='lat' dir='ltr'>et</span> <span class='ocrx_word' id='word_1_404' title='bbox 1037 3375 1091 3428; x_wconf 84' lang='lat' dir='ltr'>roe,</span> <span class='ocrx_word' id='word_1_405' title='bbox 1104 3367 1161 3419; x_wconf 69' lang='lat' dir='ltr'>lla.</span> <span class='ocrx_word' id='word_1_406' title='bbox 1230 3407 1231 3412; x_wconf 75' lang='grc'>,</span> 
     </span>
    </p>
   </div>
   <div class='ocr_carea' id='block_1_5' title="bbox 174 3418 1161 3552">
    <p class='ocr_par' dir='ltr' id='par_1_5' title="bbox 174 3418 1161 3552">
     <span class='ocr_line' id='line_1_42' title="bbox 174 3418 1158 3492; baseline 0.009 -20"><span class='ocrx_word' id='word_1_407' title='bbox 174 3477 183 3486; x_wconf 50' lang='grc'><strong>,</strong></span> <span class='ocrx_word' id='word_1_408' title='bbox 207 3424 277 3472; x_wconf 85' lang='lat' dir='ltr'>terne</span> <span class='ocrx_word' id='word_1_409' title='bbox 289 3433 317 3468; x_wconf 85' lang='lat' dir='ltr'>ac</span> <span class='ocrx_word' id='word_1_410' title='bbox 328 3418 449 3492; x_wconf 82' lang='lat' dir='ltr'>Secunde,</span> <span class='ocrx_word' id='word_1_411' title='bbox 463 3419 497 3492; x_wconf 81' lang='lat' dir='ltr'>ite</span> <span class='ocrx_word' id='word_1_412' title='bbox 507 3419 620 3492; x_wconf 55' lang='lat' dir='ltr'>paritati</span> <span class='ocrx_word' id='word_1_413' title='bbox 631 3435 750 3472; x_wconf 84' lang='lat' dir='ltr'>sensuum</span> <span class='ocrx_word' id='word_1_414' title='bbox 763 3422 866 3472; x_wconf 85' lang='lat' dir='ltr'>nitorem</span> <span class='ocrx_word' id='word_1_415' title='bbox 877 3426 902 3472; x_wconf 88' lang='lat' dir='ltr'>et</span> <span class='ocrx_word' id='word_1_416' title='bbox 914 3425 1010 3472; x_wconf 84' lang='lat' dir='ltr'>cultum</span> <span class='ocrx_word' id='word_1_417' title='bbox 1021 3427 1158 3481; x_wconf 80' lang='lat' dir='ltr'>verborum</span> 
     </span>
     <span class='ocr_line' id='line_1_43' title="bbox 207 3483 1161 3552; baseline -0.002 -18"><span class='ocrx_word' id='word_1_418' title='bbox 207 3483 323 3546; x_wconf 78' lang='lat' dir='ltr'>miscetis,</span> <span class='ocrx_word' id='word_1_419' title='bbox 337 3495 366 3530; x_wconf 87' lang='lat' dir='ltr'>ee</span> <span class='ocrx_word' id='word_1_420' title='bbox 378 3484 463 3531; x_wconf 84' lang='lat' dir='ltr'>electra</span> <span class='ocrx_word' id='word_1_421' title='bbox 476 3483 631 3546; x_wconf 83' lang='lat' dir='ltr'>anrentronis,</span> <span class='ocrx_word' id='word_1_422' title='bbox 644 3483 666 3533; x_wconf 88' lang='lat' dir='ltr'>is</span> <span class='ocrx_word' id='word_1_423' title='bbox 679 3485 739 3533; x_wconf 92' lang='lat' dir='ltr'>ordo</span> <span class='ocrx_word' id='word_1_424' title='bbox 749 3498 843 3548; x_wconf 88' lang='lat' dir='ltr'>rerum,</span> <span class='ocrx_word' id='word_1_425' title='bbox 856 3499 894 3548; x_wconf 85' lang='lat' dir='ltr'>ea,</span> <span class='ocrx_word' id='word_1_426' title='bbox 907 3485 1002 3547; x_wconf 80' lang='lat' dir='ltr'>quoties</span> <span class='ocrx_word' id='word_1_427' title='bbox 1013 3499 1088 3538; x_wconf 78' lang='lat' dir='ltr'>caum</span> <span class='ocrx_word' id='word_1_428' title='bbox 1102 3503 1161 3552; x_wconf 69' lang='lat' dir='ltr'>pos.</span> 
     </span>
    </p>
   </div>
   <div class='ocr_carea' id='block_1_6' title="bbox 207 3543 1231 3620">
    <p class='ocr_par' dir='ltr' id='par_1_6' title="bbox 207 3543 1231 3620">
     <span class='ocr_line' id='line_1_44' title="bbox 207 3543 1231 3620; baseline 0.005 -25"><span class='ocrx_word' id='word_1_429' title='bbox 207 3547 251 3610; x_wconf 85' lang='lat' dir='ltr'>cit,</span> <span class='ocrx_word' id='word_1_430' title='bbox 263 3547 369 3606; x_wconf 85' lang='lat' dir='ltr'>ubertas,</span> <span class='ocrx_word' id='word_1_431' title='bbox 381 3558 419 3606; x_wconf 87' lang='lat' dir='ltr'>ea,</span> <span class='ocrx_word' id='word_1_432' title='bbox 434 3543 528 3604; x_wconf 88' lang='lat' dir='ltr'>quoties</span> <span class='ocrx_word' id='word_1_433' title='bbox 544 3545 703 3608; x_wconf 86' lang='lat' dir='ltr'>permittitur,</span> <span class='ocrx_word' id='word_1_434' title='bbox 717 3545 832 3610; x_wconf 84' lang='lat' dir='ltr'>brevitas,</span> <span class='ocrx_word' id='word_1_435' title='bbox 844 3546 864 3595; x_wconf 88' lang='lat' dir='ltr'>is</span> <span class='ocrx_word' id='word_1_436' title='bbox 878 3546 1161 3620; x_wconf 60' lang='lat' dir='ltr'>compositionum,</span> <span class='ocrx_word' id='word_1_437' title='bbox 1230 3597 1231 3600; x_wconf 76' lang='grc'>,</span> 
     </span>
    </p>
   </div>
   <div class='ocr_carea' id='block_1_7' title="bbox 193 3606 1158 3675">
    <p class='ocr_par' dir='ltr' id='par_1_7' title="bbox 193 3606 1158 3675">
     <span class='ocr_line' id='line_1_45' title="bbox 193 3606 1158 3675; baseline 0.01 -20"><span class='ocrx_word' id='word_1_438' title='bbox 193 3622 237 3658; x_wconf 67' lang='lat' dir='ltr'>⁴ea</span> <span class='ocrx_word' id='word_1_439' title='bbox 262 3606 424 3659; x_wconf 79' lang='lat' dir='ltr'>ententiarum</span> <span class='ocrx_word' id='word_1_440' title='bbox 441 3606 543 3670; x_wconf 84' lang='lat' dir='ltr'>planitas</span> <span class='ocrx_word' id='word_1_441' title='bbox 559 3610 611 3671; x_wconf 79' lang='lat' dir='ltr'>est,</span> <span class='ocrx_word' id='word_1_442' title='bbox 624 3607 660 3659; x_wconf 88' lang='lat' dir='ltr'>sic</span> <span class='ocrx_word' id='word_1_443' title='bbox 677 3607 810 3671; x_wconf 83' lang='lat' dir='ltr'>exprimitis</span> <span class='ocrx_word' id='word_1_444' title='bbox 824 3610 939 3675; x_wconf 78' lang='lat' dir='ltr'>attentas,</span> <span class='ocrx_word' id='word_1_445' title='bbox 955 3609 990 3660; x_wconf 68' lang='lat' dir='ltr'>n&#39;r</span> <span class='ocrx_word' id='word_1_446' title='bbox 1010 3609 1158 3668; x_wconf 73' lang='lat' dir='ltr'>libertatem</span> 
     </span>
    </p>
   </div>
   <div class='ocr_carea' id='block_1_8' title="bbox 0 0 1250 4080">
    <p class='ocr_par' dir='ltr' id='par_1_8' title="bbox 0 0 1250 4080">
     <span class='ocr_line' id='line_1_46' title="bbox 0 0 1250 4080; baseline 0 2"><span class='ocrx_word' id='word_1_447' title='bbox 0 0 1250 4080; x_wconf 95' lang='lat' dir='ltr'> </span> 
     </span>
    </p>
   </div>
  </div>
 </body>
</html>
