2524 4088
205 279 255 333 soc
504 239 509 248 ’
600 279 747 334 rtcrrs.

239 391 314 449 XLV.
331 393 458 467 Agriodu
470 395 517 451 n'a
530 394 609 467 point
621 411 660 451 vu
676 394 705 452 le
723 391 802 452 sinat
820 393 924 467 assidgd
936 398 964 451 et
978 393 1080 468 bloqud
1093 409 1146 468 par

205 472 245 530 les
258 490 358 546 armes,
377 476 405 532 le
420 480 543 534 meurtre
556 477 591 535 de
604 479 665 534 tant
679 478 714 534 de
732 476 875 534 senatcurs
893 475 1008 549 dgorges
1021 475 1091 532 dans
1105 493 1146 532 un

205 555 298 613 meme
313 573 459 630 messaara,
474 563 535 616 tant
546 560 581 616 de
593 559 690 617 nobles
711 558 830 617 temutes
843 558 943 616 exildes
956 575 993 614 ou
1006 558 1144 631 fugitives.

206 639 291 696 Carus
301 641 398 698 Metius
408 659 444 700 ne
456 643 589 716 comptait
603 644 707 715 qu’une
719 643 851 714 victoire3
865 640 957 699 c’dtait
968 642 1038 698 dans
1050 642 1080 698 la
1089 641 1147 698 tor-

206 723 308 780 teresse
321 724 416 781 d’Albe
430 741 484 798 que
497 726 665 783 retentissait
677 725 706 782 la
723 725 787 782 voix
802 724 836 782 de
851 726 1026 796 Messalinum
1048 728 1077 782 et
1089 723 1145 782 l'on

208 821 242 862 cn
258 806 322 864 etait
336 824 436 866 encore
450 807 467 865 l
479 805 658 868 l'accusation
672 810 706 874 dc
718 809 819 867 Bdbius
832 809 928 866 Massa.
949 807 1057 865 Bicntbt
1076 823 1147 865 nous

206 887 357 947 traindmes
379 891 413 948 de
430 907 481 948 nos
501 907 616 964 propres
634 892 727 948 mains
741 890 882 948 Helvidius
901 905 938 947 en
952 890 1046 962 prison
1051 907 1060 962 3
1074 905 1147 946 nous

206 969 293 1028 rimer
304 973 475 1030 condamner
485 975 623 1031 Mauricus
636 978 664 1030 et
675 973 804 1030 Rusticus
808 991 817 1044 ;
827 971 962 1030 Sdndcion
971 987 1042 1028 nous
1053 987 1149 1029 arrosa

206 1052 240 1110 de
255 1070 304 1110 son
321 1070 390 1126 sang
405 1055 545 1112 innocent.
562 1055 653 1112 Ndron
667 1056 707 1112 du
719 1055 812 1111 moins
830 1053 988 1112 detoumait
1000 1053 1042 1111 les
1057 1070 1146 1126 yeu13

208 1136 229 1192 il
242 1136 389 1193 ordonnait
402 1138 444 1195 les
455 1139 554 1196 crimes
568 1142 595 1195 et
608 1155 645 1194 ne
658 1138 798 1210 regardait
810 1153 870 1210 pas.
886 1137 922 1193 Le
935 1135 999 1211 plus
1011 1136 1099 1209 grand
1113 1138 1149 1195 de

207 1233 258 1274 nos
270 1234 364 1290 maun,
372 1234 437 1277 sous
448 1221 598 1290 Domitian,
608 1221 699 1277 c'dtait
710 1220 745 1276 de
757 1220 852 1278 sobet
866 1219 953 1276 d’etre
964 1217 1149 1292 austeraque

207 1298 248 1355 les
266 1301 374 1374 sonpirs
393 1300 497 1358 etaient
517 1301 610 1372 cents,
625 1301 736 1376 lorsque
755 1317 806 1358 son
824 1302 918 1373 visage
937 1300 1015 1357 cruel
1036 1304 1064 1357 et
1079 1303 1150 1358 cette

207 1397 341 1454 rougeur,
355 1384 423 1441 dont
436 1384 457 1440 il
470 1385 595 1441 s’arrnait
614 1388 710 1442 contre
727 1383 756 1441 la
769 1383 866 1454 bonte,
881 1383 1035 1440 sultisaient
1049 1381 1066 1438 a
1081 1383 1151 1441 taire

208 1463 280 1538 palir
299 1466 356 1523 eta
379 1466 507 1540 ddsigner
527 1470 588 1524 tant
606 1468 640 1524 de
660 1467 796 1524 victimer.
815 1467 873 1537 Tei,
893 1465 932 1521 du
950 1466 1054 1535 moins,
1075 1469 1106 1523 tu
1120 1481 1152 1522 es

208 1546 344 1618 beureux,
359 1547 495 1621 Agricola,
509 1549 737 1606 non-seulement
754 1549 860 1606 d'avoir
872 1547 941 1604 recu
961 1561 1029 1605 arec
1041 1550 1103 1604 taut
1115 1547 1152 1604 de

208 1630 305 1703 gloire,
322 1632 391 1689 mais
404 1632 478 1689 aussi
490 1631 575 1689 d’dtre
589 1636 663 1689 mort
677 1630 694 1688 b
706 1647 806 1705 propos
813 1650 821 1703 3
835 1634 862 1687 et
875 1645 984 1714 mmme
995 1631 1023 1687 le
1035 1645 1154 1704 rappor-

209 1718 268 1772 teut
280 1730 350 1772 ceux
363 1717 413 1788 qui
428 1719 477 1773 ont
491 1716 585 1773 assistt
599 1715 616 1774 a
629 1721 672 1772 tes
685 1716 810 1772 derniers
823 1716 986 1785 entretiens‚
1003 1718 1032 1771 tu
1045 1730 1076 1770 as
1090 1715 1154 1772 subi

210 1801 238 1853 ta
249 1797 372 1855 destines
383 1815 450 1856 avec
458 1815 576 1872 conrage
587 1803 615 1857 et
623 1803 798 1871 sansregret‚
808 1814 919 1856 comme
927 1813 999 1870 pour
1009 1797 1155 1869 accorder,

210 1882 307 1937 autaut
323 1879 390 1953 qu’il
412 1880 479 1938 etait
498 1897 535 1938 cn
555 1883 603 1952 toi,
624 1882 795 1938 l’innoccnce
812 1897 850 1938 au
867 1882 973 1954 prinae.
992 1881 1059 1938 Mais
1081 1897 1155 1953 pour

210 1963 278 2033 moi,
299 1979 370 2036 pour
382 1966 412 2019 ta
426 1962 494 2034 fille,
509 1980 541 2021 ce
559 1965 628 2021 n’est
646 1964 725 2037 point
739 1980 813 2021 assez
831 1963 866 2020 de
878 1965 1055 2021 l’amertume
1068 1964 1102 2021 de
1122 1967 1154 2021 ta

210 2049 304 2119 perte3
319 2046 340 2102 il
353 2045 412 2102 san
425 2061 525 2104 encore
546 2046 611 2120 qu'i
624 2051 704 2104 notre
717 2048 840 2104 tristesse
856 2047 972 2119 s'ajouta
986 2047 1015 2103 la
1035 2045 1154 2103 douleur

209 2129 245 2186 de
258 2129 364 2186 n'avoir
376 2145 414 2202 pu
422 2131 534 2186 assister
545 2129 561 2186 l
572 2133 602 2186 ta
610 2129 742 2201 maledie,
752 2130 876 2186 soutenir
887 2133 916 2186 ta
924 2129 968 2185 vie
981 2127 1153 2201 ddiaillante,

210 2227 281 2269 nous
293 2213 423 2269 rassasier
437 2212 471 2269 de
485 2211 514 2270 ta
526 2227 592 2283 rue,
606 2213 694 2270 detes
709 2213 952 2269 embrassements.
963 2212 1064 2282 certes,
1079 2229 1155 2270 nous
1257 2275 1258 2282 χ

210 2295 334 2354 eussions
349 2295 474 2352 recueilli
487 2300 528 2353 tes
541 2295 666 2353 volentos
680 2298 708 2352 et
720 2299 762 2352 tos
775 2295 895 2368 paroles,
910 2310 982 2367 pour
996 2309 1032 2350 en
1052 2295 1156 2367 garder

211 2378 282 2435 dans
299 2381 379 2435 notre
402 2378 466 2436 ime
483 2378 511 2436 le
522 2379 661 2436 souvenir
674 2376 801 2450 prolond.
818 2377 889 2433 G’est
907 2376 936 2434 li
955 2381 1035 2434 notre
1048 2381 1156 2451 regnet,

211 2464 291 2519 notre
303 2460 437 2520 blessure.
449 2463 503 2518 Par
515 2462 544 2519 la
554 2459 688 2519 necessita
700 2460 784 2516 d'une
794 2461 816 2516 si
830 2461 934 2534 langue
942 2461 1071 2532 absence,
1082 2477 1157 2520 nous

244 2627 319 2680 xiv,
330 2629 386 2679 Non
399 2627 458 2678 vidit
470 2627 585 2692 Agricola
597 2629 718 2679 obsessam
729 2627 826 2678 curiam
840 2631 865 2680 et
876 2628 987 2678 drusum
998 2629 1073 2680 armis
1083 2645 1158 2682 sena·

212 2696 275 2754 tum,
287 2694 311 2740 et
326 2692 412 2741 eadem
422 2696 503 2752 strage
516 2693 553 2739 tot
565 2690 732 2740 consularium
745 2692 833 2755 candes,
848 2695 884 2740 tot
899 2691 1105 2742 nobilissimarum
1117 2693 1158 2744 ie·

138 2777 144 2794 ·
213 2754 337 2802 minarum
350 2752 434 2802 exsilia
451 2756 477 2802 et
494 2753 574 2815 fugas.
595 2767 645 2801 una
663 2753 742 2801 adbuc
754 2753 855 2802 victorin
867 2754 946 2804 Corus
967 2754 1057 2803 Metius
1071 2768 1159 2807 cense-

212 2815 294 2876 batur,
306 2817 331 2864 et
339 2812 403 2863 intra
416 2814 536 2863 Albanum
547 2827 629 2864 arcem
639 2816 759 2864 sententia
766 2813 890 2864 Messalini
897 2815 1028 2876 strepebat.
1039 2820 1065 2865 et
1072 2817 1158 2869 Massa

213 2875 304 2925 Bobius
314 2874 368 2936 jum
380 2878 436 2925 tum
447 2889 503 2925 reus
518 2878 581 2925 erat.
596 2889 652 2925 mox
666 2879 757 2926 nostras
771 2877 862 2926 duxere
876 2876 1018 2926 Heluidium
1032 2877 1059 2926 in
1072 2891 1159 2930 corce-

213 2951 267 2986 rem
286 2951 373 2986 manus
389 2951 395 2986 :
411 2950 455 2986 nos
468 2937 571 2987 blaurici
586 2937 726 2999 Rusticique
744 2939 817 3000 risus,
841 2953 884 2987 nos
897 2939 1022 2988 innocenti
1035 2941 1159 3002 sangiune

212 2999 313 3050 Senecio
324 2999 440 3061 pertudit.
454 2999 519 3048 Nero
533 3003 615 3049 tamen
628 2999 747 3048 subtraxit
759 3001 843 3050 oculos
856 3000 1158 3067 anapauomenen,

213 3075 263 3111 uon
274 3061 390 3123 spectavit
404 3075 411 3110 :
426 3061 549 3125 praecipua
558 3062 605 3111 sub
617 3060 758 3111 Domitiano
773 3061 926 3112 miseriarum
940 3075 996 3124 pers
1009 3063 1159 3116 eratvidere

212 3127 238 3173 ct
252 3122 352 3185 adspioi,
366 3137 444 3184 quum
458 3123 561 3186 suspiria
574 3127 656 3172 nostra
678 3123 900 3186 subscriberentur‚
921 3138 999 3186 quum
1011 3125 1160 3178 denotandis

212 3188 248 3234 tot
260 3184 388 3233 bominum
400 3185 535 3247 palloribus
546 3185 670 3235 sufficeret
683 3197 761 3235 saerus
775 3186 818 3235 ille
831 3187 913 3234 vultus
929 3189 953 3234 ot
969 3188 1054 3251 rubor,
1066 3201 1116 3248 quo
1130 3203 1160 3239 se

212 3249 298 3294 contra
308 3247 428 3307 pudorem
442 3247 577 3296 muniebat.
586 3246 624 3296 Tu
636 3259 693 3296 vero
707 3247 775 3309 telin,
788 3248 911 3310 igneolo,
924 3260 974 3297 neu
987 3247 1044 3297 vitae
1058 3253 1160 3302 tantum

213 3308 334 3370 claritate,
348 3309 390 3356 sed
405 3308 479 3357 etiam
493 3308 671 3370 opportunitate
684 3308 779 3372 mortis,
793 3315 821 3357 ut
834 3310 965 3372 perbibent
977 3309 1021 3370 qui
1033 3309 1160 3362 interlue-

213 3370 272 3418 runt
286 3369 424 3417 novissimis
437 3370 589 3420 sermonibus
603 3369 660 3431 tuis,
673 3374 786 3420 constans
798 3375 822 3420 et
835 3371 916 3420 libens
931 3372 1011 3419 tatum
1024 3374 1160 3450 excepisti5

155 3430 159 3442 '
213 3433 332 3493 uuquam
343 3443 387 3492 pro
404 3430 469 3479 virili
485 3432 596 3493 portione
610 3431 776 3481 innocentiam
789 3431 898 3494 Principi
912 3433 1023 3482 donares.
1035 3435 1077 3483 sed
1092 3436 1161 3487 milu

214 3494 318 3554 tiliaeque
332 3491 397 3554 ejus,
408 3496 498 3554 praeter
513 3493 670 3542 acerbitatem
689 3494 797 3556 parentis
812 3495 899 3559 erepti,
916 3498 990 3555 auget
1003 3497 1161 3563 moestitiam,

214 3556 279 3618 quod
289 3553 545 3628 assideremletudini²
559 3555 641 3604 terere
654 3554 816 3618 deiicientem,
830 3556 915 3606 satiari
928 3558 997 3604 uultu
1011 3560 1162 3620 complexu-

214 3631 261 3680 que
275 3631 324 3668 non
336 3614 444 3678 contigit.
456 3629 634 3679 excepissemus
644 3621 710 3667 certo
719 3618 833 3672 mandata
846 3630 963 3679 vocesque
985 3631 1045 3679 quas
1056 3621 1163 3681 penitus

188 3710 190 3714 -
214 3681 296 3731 animo
309 3679 449 3745 ligaremur.
459 3684 541 3729 noster
549 3679 589 3728 bic
599 3680 680 3744 dolor,
691 3683 803 3730 nostrum
812 3681 902 3730 vulnus
915 3654 1001 3730 :nobb
1009 3682 1061 3730 tam
1072 3683 1163 3748 longae
