2524 4088
233 275 284 330 aaa
630 261 775 332 racirr.

232 389 267 448 de
276 392 404 465 rappclcr
413 405 486 450 nous
495 389 645 448 touchant:
660 390 855 448 nousn’arona
867 389 1186 464 polatilesentmdre,

233 473 303 530 mais
317 473 335 530 a
348 475 389 532 les
400 473 471 530 voir.
485 473 552 531 Plus
562 473 624 530 leur
638 473 780 530 naumuce
794 476 837 530 eat
845 472 964 531 humbie
977 479 1006 530 et
1019 475 1185 546 miseraute,

233 556 296 630 plus
309 557 338 614 la
347 554 486 630 ,pauvrece
501 558 530 611 et
542 555 572 612 le
586 555 656 627 gene
672 558 724 628 qui
736 558 786 613 ont
803 555 919 614 entoure
936 557 1014 614 leurs
1026 559 1187 630 premieres

233 638 336 696 anates
355 641 405 694 ont
423 637 467 696 ete
487 639 622 711 grandes,
644 639 708 711 plus
726 638 789 696 leur
810 638 937 710 example
959 642 1003 696 est
1022 641 1139 700 illustre
1159 647 1188 700 et

234 720 513 793 mieuxillemoigne
536 720 570 777 de
595 721 689 794 quelle
708 721 800 779 utilite
814 725 855 778 est
869 720 1041 796 l’eloquence
1051 743 1060 796 ;
1085 739 1139 782 car
1153 728 1188 784 ils

190 806 199 818 '
234 803 339 860 etaient
350 808 412 860 tous
426 803 499 862 deux
512 819 575 860 sans
587 805 744 878 naissauce,
758 819 822 862 sans
835 806 956 874 fortune,
970 806 1102 866 reltches
1114 809 1188 868 dens
1235 805 1236 808 ’

233 887 311 945 leurs
319 902 443 954 moeurs3
457 887 519 944 l'un
528 885 820 961 etaitmemameprise
832 886 942 944 icausc
950 888 1024 946 dosa
1036 895 1188 952 mauvaiso

233 973 336 1042 tenue;
352 973 380 1028 et
394 969 551 1042 rependant
568 969 603 1025 ils
616 985 645 1025 se
657 972 797 1039 trouvent,
815 969 914 1042 depuis
925 970 1065 1044 plusieurs
1079 975 1189 1031 annees

235 1052 315 1127 deji,
334 1069 371 1110 au
388 1054 510 1126 premier
520 1069 593 1124 rang
606 1053 655 1110 des
667 1067 858 1125 personnagcs
870 1055 1009 1126 puissarits
1023 1055 1059 1113 de
1074 1057 1189 1130 Rome3

235 1143 275 1208 et,
290 1137 371 1209 apres
379 1136 459 1191 avoir
470 1135 514 1192 ete
527 1137 603 1192 aussi
617 1137 775 1209 longtemps
789 1135 872 1209 qu'ils
885 1137 956 1192 l’out
967 1138 1055 1195 voulu
1068 1139 1111 1196 les
1125 1155 1191 1214 pre-

235 1221 321 1274 miers
333 1233 371 1274 au
381 1219 512 1286 bureau,
526 1218 562 1273 ils
575 1222 638 1274 sont
649 1217 831 1289 aujourd'lrui
841 1219 883 1275 les
893 1220 1031 1293 premiere
1045 1221 1122 1279 dans
1136 1224 1190 1280 l'e-

235 1299 314 1356 mitte
326 1300 360 1356 de
375 1299 467 1357 Cesar.
477 1299 584 1356 llsiont
592 1304 664 1370 tout,
675 1300 710 1356 ils
723 1301 863 1374 disposenl
875 1301 909 1358 de
916 1304 995 1374 tout3
1012 1307 1041 1360 et
1050 1304 1079 1360 le
1088 1306 1190 1377 princc

237 1382 330 1440 meme
344 1399 361 1439 a
375 1399 446 1456 pour
460 1397 516 1454 cur
525 1399 583 1438 une
597 1381 726 1439 allecticn
740 1382 831 1440 melec
844 1382 884 1439 de
889 1387 1007 1455 respect.
1020 1386 1189 1458 Vespasicn,

237 1480 268 1520 cc
279 1463 406 1520 vieillard
417 1462 566 1520 venerable
574 1464 623 1536 qui
636 1467 768 1535 supporte
776 1464 800 1520 si
807 1463 874 1519 hieu
883 1463 912 1520 la
921 1464 1021 1535 verite,
1031 1470 1189 1540 comprend

237 1562 291 1620 que
311 1561 360 1603 ses
375 1549 472 1603 autres
491 1547 563 1602 arnis
584 1545 740 1618 s'appuient
754 1561 802 1601 sur
815 1546 858 1602 les
871 1549 1022 1618 avcntages
1039 1549 1127 1619 qu'ils
1141 1555 1190 1606 ont

237 1645 317 1700 rectis
331 1629 366 1685 de
377 1645 408 1685 sa
418 1627 636 1700 bionveillance,
658 1631 807 1700 avantages
818 1628 889 1700 qu'il
903 1627 944 1684 lui
961 1633 1003 1685 est
1016 1630 1099 1686 tacite
1113 1631 1189 1688 d'uc-

237 1711 367 1768 cumuler
379 1727 450 1784 pour
461 1709 621 1782 lui-meme,
635 1714 664 1766 et
676 1710 710 1767 de
726 1709 878 1782 prodiguer
892 1725 949 1766 aux
962 1713 1057 1768 autres
1071 1729 1080 1768 a
1096 1714 1190 1770 modu

237 1809 293 1866 que
304 1794 449 1850 Marcellus
463 1797 491 1849 ct
504 1793 616 1866 Crispus
628 1795 677 1849 ont
685 1791 812 1865 presente
825 1806 936 1850 comme
947 1791 1038 1849 titrei
1049 1809 1103 1849 son
1115 1797 1190 1851 ami-

237 1876 276 1932 tic
289 1891 321 1932 ce
333 1876 417 1948 qu¹ils
431 1876 571 1932 n'avaient
585 1877 664 1947 point
677 1890 744 1946 recu
762 1874 801 1931 du
821 1875 934 1947 prince,
953 1878 981 1932 et
998 1891 1033 1932 ce
1051 1875 1141 1948 qu'ils
1154 1893 1191 1934 ne

238 1958 390 2032 pouvaient
409 1972 446 2012 en
465 1959 599 2012 receuoir.
622 1960 665 2013 Au
684 1957 835 2014 milieuvde
850 1961 914 2014 tant
936 1960 965 2014 et
978 1957 1013 2012 de
1027 1957 1052 2013 si
1067 1961 1192 2030 grandes

238 2040 348 2109 choses,
360 2039 401 2096 les
415 2040 532 2111 images,
542 2040 583 2096 les
592 2041 770 2113 inscriptions
778 2039 1078 2096 tiennentlamoindre
1090 2041 1189 2114 placc;

240 2118 266 2180 et
281 2122 437 2196 cependant
450 2122 472 2178 il
484 2137 522 2178 ne
533 2121 594 2178 taut
610 2138 661 2194 pas
672 2123 761 2180 croire
773 2124 857 2197 qu’on
870 2122 913 2179 les
925 2122 1048 2194 neglige,
1061 2139 1114 2196 pas
1129 2125 1193 2198 plus

239 2207 324 2280 qu'ou
334 2221 371 2262 ne
379 2205 406 2261 le
418 2205 469 2262 lait
482 2205 517 2261 de
531 2206 649 2277 largent
662 2210 689 2262 et
702 2205 751 2261 des
764 2205 899 2262 richesscs
913 2221 967 2277 que
976 2205 1044 2260 bien
1057 2206 1109 2262 des
1122 2221 1193 2278 gens

240 2291 377 2360 bltment,
392 2289 466 2347 mais
479 2303 544 2346 sans
560 2288 601 2344 les
613 2288 772 2360 dedaigaer.
786 2291 836 2362 Ges
847 2287 1000 2356 honneurs,
1014 2303 1061 2344 ces
1075 2288 1193 2346 distine

240 2374 330 2444 lions,
350 2389 395 2432 ces
415 2372 566 2443 richesses,
586 2387 658 2429 nous
670 2371 712 2428 les
726 2378 858 2428 trourons
881 2368 1059 2427 accumulees
1083 2386 1137 2428 aar
1153 2373 1193 2428 las

241 2618 333 2667 viribus
346 2615 519 2678 pervenerint;
540 2615 582 2665 scd
598 2615 662 2680 haec,
682 2617 798 2677 utsupra
814 2612 875 2676 diri,
893 2611 1004 2675 proxim
1024 2615 1050 2662 ct
1069 2625 1128 2675 quae
1144 2628 1192 2665 nor

241 2679 327 2729 auditu
340 2679 508 2752 cognoscenda
519 2679 560 2727 sed
575 2677 652 2726 oculis
664 2677 793 2738 spectanda
806 2676 961 2727 haberemus.
977 2688 1036 2723 nam
1048 2689 1100 2738 quc
1114 2679 1193 2727 sordi·

242 2741 297 2790 dius
309 2744 334 2788 et
344 2740 460 2800 abjectius
478 2740 610 2801 nati'sunt,
626 2753 723 2801 quoqrm
734 2737 864 2786 notabilior
877 2739 1009 2798 paupertas
1026 2739 1052 2785 el
1068 2739 1194 2800 angustiae

241 2814 327 2850 rerum
339 2803 467 2850 nascentes
481 2813 522 2849 eos
535 2801 757 2863 circumsteterunt,
772 2812 801 2848 eo
817 2798 921 2846 clariora
936 2800 962 2847 et
976 2798 1007 2846 ad
1021 2799 1194 2850 demonstran·

242 2863 301 2911 dam
312 2862 425 2910 oratorias
445 2861 591 2920 eloquentie
609 2862 740 2910 utilitatem
758 2859 891 2908 illustriora
906 2860 1022 2920 exemplo
1038 2863 1111 2923 sunt,
1128 2863 1192 2923 quod

242 2923 295 2972 nne
318 2923 526 2972 commendatione
546 2922 675 2985 natalium,
695 2921 748 2970 sine
767 2919 901 2970 substantia
922 2921 1080 2983 facultatum,
1106 2927 1194 2972 neuter

242 2985 351 3036 moribus
365 2983 486 3048 egregius,
499 2985 560 3031 alter
571 2983 657 3031 habitu
667 2996 764 3045 quoque
775 2982 883 3044 corporis
891 2986 1057 3044 contemptus,
1070 2996 1118 3042 per
1130 2985 1195 3034 rnul·

243 3051 281 3096 tos
292 3047 347 3108 jam
364 3060 440 3095 annos
453 3044 613 3107 potentissimi
628 3051 684 3093 sunl
704 3045 814 3107 civitatis,
832 3048 857 3094 et
872 3045 949 3092 donec
970 3043 1053 3104 libuit,
1067 3044 1194 3112 principes

243 3110 299 3171 ioci,
313 3123 379 3157 nunc
391 3107 515 3170 principes
528 3107 554 3155 in
565 3105 668 3156 Caesaris
679 3106 787 3154 amicitia
798 3108 874 3167 agunt
896 3105 1028 3164 teruntque
1040 3110 1145 3170 cuncte,
1159 3111 1195 3156 at·

243 3186 291 3231 que
305 3173 335 3218 ab
347 3171 399 3232 ipso
411 3169 523 3232 Principe
535 3183 592 3216 cum
603 3169 708 3229 qaudam
720 3168 856 3216 reverentia
867 3142 1013 3238 (illigantpr,
1026 3165 1087 3238 uuio
1101 3167 1154 3218 Ves
1172 3182 1195 3216 a·

244 3231 337 3293 siunus,
347 3233 492 3280 venerabilis
503 3245 578 3280 senex
589 3235 613 3278 et
624 3228 815 3292 patientissimus
824 3229 885 3290 veri,
895 3229 957 3277 bene
970 3228 1088 3288 intelligat
1100 3233 1196 3278 cetoros

245 3292 345 3351 quidem
362 3294 451 3341 amicos
465 3306 521 3342 suos
532 3293 562 3340 iis
574 3292 620 3340 niti
632 3305 688 3353 quae
701 3292 731 3339 ub
746 3290 798 3351 ipso
812 3290 957 3352 acceperint,
974 3301 1078 3349 queque
1092 3289 1142 3350 ipsi
1156 3305 1196 3341 ac·

244 3354 372 3400 cumulare
386 3355 412 3401 et
425 3354 450 3400 in
464 3355 523 3402 alios
536 3367 667 3414 congerere
684 3355 826 3414 promptum
843 3355 889 3414 est,
905 3351 1053 3400 Marcellum
1069 3355 1160 3402 autem
1174 3357 1197 3404 et

247 3413 360 3473 Crispum
373 3414 480 3462 attulisse
496 3415 527 3462 ad
541 3414 675 3463 amicitiam
690 3427 769 3474 suam,
784 3414 849 3474 quod
863 3427 914 3461 non
927 3425 942 3460 a
960 3411 1076 3472 Principe
1095 3427 1196 3476 occepe-

246 3473 296 3546 pint
314 3486 361 3545 pcc
381 3473 457 3544 accipi
473 3474 561 3544 possit.
575 3475 706 3523 minimum
717 3474 783 3523 inter
798 3478 837 3546 'tot
849 3488 878 3523 uc
892 3477 960 3530 tanta
972 3472 1057 3543 locum
1079 3473 1197 3526 obtinent

246 3535 1196 3666 unitati,ittluculli.stultitiast?”ttulit

247 3669 323 3716 mam
333 3669 377 3716 qur
387 3653 501 3704 lastidial.
516 3654 561 3703 llis
573 3655 649 3716 igitur
663 3661 688 3706 et
704 3657 836 3706 aaronica
849 3662 874 3708 et
885 3660 1036 3706 ornamentis
1051 3657 1077 3706 et
1092 3658 1196 3709 lucullo·
