2442 4090
203 269 237 323 dd
603 267 749 322 ΤΑΟΙΤΕι

93 451 102 466 ¹
203 381 301 455 cipaua
314 381 348 438 de
360 381 389 438 la
402 382 507 439 nation.
523 381 547 438 ll
559 379 726 439 abandonna
739 380 781 438 les
792 383 885 440 autres
897 379 952 440 ila
960 379 1110 442 alemenae
1120 401 1157 443 on

203 464 260 522 ila
271 465 386 522 cruaute
397 465 432 522 de
445 465 581 523 Vitellius.
826 520 830 528 .

239 549 324 606 llllll.
340 549 383 606 On
400 565 435 606 na
449 549 555 607 saurait
568 549 627 606 dire
641 551 666 606 si
679 549 721 606 ies
739 547 854 623 deputes
867 549 1024 609 helvetiens
1039 554 1157 611 bouve-

203 637 267 688 rent
287 631 454 706 l'emperenr
477 632 540 706 plns
558 630 724 706 implacable
747 647 802 706 qne
823 631 947 690 l'arme‘e.
973 635 1026 692 Les
1050 635 1156 694 soldats

204 715 500 789 demandaieutqu'on
514 715 681 772 exterminat
692 715 720 770 la
733 716 842 784 nation,
855 719 883 771 et
896 715 1037 788 portoient
1058 733 1101 774 au
1112 719 1156 776 vi·

205 813 271 871 sage
291 798 338 856 des
356 798 469 871 deputes
493 799 569 855 leurs
583 814 676 854 armes
694 801 723 854 et
741 797 818 855 leurs
836 799 937 856 mains.
956 797 1088 858 Vitellius
1102 802 1157 857 lui-

205 881 298 938 meme
312 882 487 956 n'epargnait
501 883 530 938 ni
543 880 583 938 les
599 883 687 954 gestes
706 882 736 936 ni
749 880 790 937 les
803 881 924 953 paroles,
943 881 1058 956 lorsque
1073 884 1157 942 Clau-

204 965 265 1022 dius
279 967 390 1035 Cossus,
404 965 464 1022 l'un
483 965 518 1022 de
535 981 580 1022 ces
599 963 726 1037 deputes,
739 965 785 1020 sut
799 965 944 1038 employer
956 979 1026 1022 avec
1043 969 1112 1022 tant
1125 969 1157 1024 da

205 1049 280 1106 lorce
289 1065 339 1106 son
348 1049 499 1122 eloquence
508 1048 573 1105 bien
582 1062 701 1117 connue,
711 1063 747 1104 en
756 1047 784 1103 la
793 1047 921 1117 cachant,
931 1063 1002 1122 pour
1013 1047 1157 1108 larendru

205 1132 267 1205 pius
280 1133 430 1206 puissante‚
446 1148 509 1192 sous
523 1147 563 1188 un
577 1133 619 1189 air
636 1131 753 1202 d’eii'roi,
768 1131 837 1206 qu’il
854 1127 962 1189 adoucit
975 1131 1091 1204 l'esprit
1112 1136 1157 1192 des

205 1215 318 1286 soldats,
329 1232 377 1273 car
386 1216 414 1271 la
423 1215 571 1272 multitude
581 1214 689 1286 change
699 1214 784 1273 touta
798 1231 879 1289 coup,
894 1219 931 1285 et,
942 1214 1018 1272 aussi
1027 1221 1157 1292 prompts

205 1297 222 1354 a
241 1297 397 1355 s'attendrir
415 1297 496 1371 qu'ils
510 1298 622 1354 avaient
643 1295 686 1354 ete
707 1297 839 1372 exegeses
854 1297 924 1355 dans
941 1299 1004 1354 leur
1025 1301 1156 1373 cruaute,

205 1381 239 1440 its
257 1380 398 1439 londirent
415 1398 451 1439 en
466 1383 570 1438 larmes
588 1386 626 1451 et,
646 1382 773 1439 insistant
790 1381 853 1456 plus
870 1382 1013 1438 vivement
1035 1399 1090 1440 sur
1105 1401 1158 1442 unc
1205 1443 1206 1446 ,

206 1467 343 1525 demando
356 1467 419 1540 plus
434 1465 583 1541 equitable,
598 1465 633 1522 ils
646 1466 788 1522 obtineant
802 1467 832 1523 la
848 1466 930 1538 grece
945 1469 972 1523 et
985 1466 1012 1522 le
1030 1468 1111 1550 salut
1125 1470 1158 1527 de

204 1548 233 1606 la
246 1551 353 1608 nation.
955 1571 957 1576 ·

242 1635 314 1690 LXX.
327 1632 437 1703 cecina,
451 1633 529 1690 etant
542 1633 615 1691 reste
627 1632 764 1707 quelques
771 1629 850 1705 jours
861 1630 928 1690 cheu
941 1632 984 1690 ies
996 1635 1157 1694 Helvetiens

192 1713 278 1790 'pour
292 1717 417 1773 attendre
430 1717 459 1774 la
471 1717 591 1775 de'cision
605 1717 640 1773 de
651 1715 789 1787 Vitellius,
804 1721 831 1773 et
844 1734 873 1774 se
886 1720 987 1775 mettre
998 1735 1034 1775 en
1051 1720 1114 1778 etat
1126 1722 1158 1780 de

207 1815 302 1874 passer
314 1800 354 1856 les
369 1799 464 1871 Alpes,
474 1804 552 1870 ceput
566 1799 615 1856 des
627 1801 769 1858 nouvelles
781 1800 939 1860 favorables
950 1803 984 1861 de
996 1801 1110 1864 l'ltalie.
1122 1809 1159 1865 La

208 1880 326 1938 division
341 1880 375 1938 de
388 1880 525 1938 cavalerie
543 1882 578 1938 de
596 1881 681 1956 Sylla,
696 1884 745 1956 qui
758 1885 878 1957 campait
893 1895 958 1964 auu¹
969 1883 1107 1947 e'nvirons
1120 1890 1159 1948 du

208 1965 257 2034 Pd,
271 1965 363 2020 venait
375 1964 409 2020 de
427 1963 521 2038 preter
538 1969 660 2022 serment
681 1966 698 2024 d
717 1967 855 2024 Vitellius.
877 1969 952 2026 Cette
965 1973 1067 2044 troupe
1083 1974 1159 2030 avait

100 2057 104 2063 ’
209 2048 282 2103 servi
301 2065 365 2105 sous
386 2065 428 2106 ses
451 2047 555 2119 ordres,
578 2048 703 2124 lorsqu'il
718 2049 787 2107 etait
806 2051 953 2123 proconsul
972 2068 1008 2128 en
1027 2053 1158 2130 Afrique.

207 2127 343 2190 iletacbee
358 2134 466 2190 ensuite
480 2148 532 2206 par
543 2133 633 2189 Neron
649 2149 719 2206 pour
732 2133 758 2190 le
772 2133 903 2209 precedes
916 2151 953 2192 eu
965 2127 1088 2210 Egypte,
1097 2142 1160 2213 puis

208 2215 367 2290 rappele'ed
386 2232 470 2274 cause
490 2216 523 2272 de
546 2217 574 2272 la
593 2232 693 2290 guerre
716 2216 751 2274 de
770 2218 888 2290 Vindex,
908 2218 962 2275 ella
983 2236 1012 2276 se
1034 2224 1161 2282 trouvait
1204 2245 1205 2290 j

208 2301 281 2358 alors
295 2317 331 2359 cn
347 2301 436 2358 Italic.
446 2304 496 2358 Les
508 2299 654 2358 decuriens
668 2317 704 2356 ne
717 2301 923 2366 connaissaient
936 2318 986 2376 pas
1000 2305 1099 2364 Othon
1106 2327 1116 2379 ;
1125 2309 1161 2366 ils

209 2386 343 2442 aimaient
357 2385 494 2455 Vitellius,
504 2389 532 2441 ct
546 2401 582 2440 en
594 2384 758 2441 exaltantis
770 2383 844 2442 lurae
858 2385 906 2441 des
919 2386 1027 2458 legions
1041 2391 1096 2463 qui
1107 2390 1162 2450 s'a·

210 2469 370 2540 vanqaient,
384 2466 414 2524 la
428 2467 584 2541 reputation
604 2465 638 2523 de
656 2465 770 2524 l'armee
785 2469 979 2542 germanique,
993 2469 1029 2527 ils
1050 2474 1162 2532 entrai-

209 2643 235 2688 et
248 2636 340 2686 deditio
354 2636 461 2706 accepta.
481 2631 508 2682 in
521 2633 616 2705 lulium
633 2633 752 2708 Alpinum
765 2649 779 2685 e
792 2635 942 2710 principibus
958 2640 987 2686 ut
1003 2639 1163 2694 concitorem

209 2699 269 2750 belli
282 2697 379 2748 Caecina
391 2695 562 2745 animadvertat
571 2710 578 2744 z
587 2698 680 2745 ceteros
692 2710 768 2748 veniae
781 2699 819 2748 vel
829 2699 927 2750 saevitiae
937 2697 1035 2749 Vitellii
1047 2703 1096 2752 reli
1113 2705 1162 2755 uit.

242 2759 328 2810 LXIX.
342 2758 413 2806 Haud
428 2756 500 2806 iacile
510 2756 577 2806 dictu
591 2760 636 2820 est,
648 2759 722 2820 legati
736 2759 904 2810 Helvetiorum
918 2761 999 2810 minus
1010 2719 1163 2824 placabffiem

210 2824 388 2884 imperatorem
402 2833 434 2868 an
451 2818 553 2869 militem
568 2819 714 2871 invenerint.
730 2823 827 2872 ciuitatis
846 2824 956 2873 escidium
971 2829 1096 2935 gemunt,
1112 2831 1164 2878 tela

210 2899 238 2935 ac
252 2897 339 2934 manus
355 2882 381 2930 in
398 2895 440 2931 ora
453 2883 590 2946 legatorum
603 2881 736 2932 intentant.
751 2897 781 2932 ne
796 2884 911 2934 Vitellius
928 2885 970 2948 qui

210 2947 289 2998 verbis
303 2946 463 3008 temperabat,
477 2958 554 3007 quum
568 2945 686 2994 Claudius
701 2946 797 3008 Cossus,
810 2961 875 2996 unus
888 2961 918 2996 ex
931 2948 1026 3011 legatis,
1042 2954 1112 3002 notae
1129 2955 1166 3002 la.

209 3011 314 3074 cundia,
330 3009 371 3058 sed
385 3007 481 3056 dicendi
495 3011 574 3056 artem
588 3011 644 3068 apta
659 3007 821 3069 trepidatione
835 3011 960 3058 occultans
974 3014 1047 3071 atque
1058 3026 1091 3061 eo
1103 3016 1167 3064 vali-

210 3073 273 3137 dior,
287 3070 374 3121 militis
388 3070 499 3120 animum
512 3069 640 3142 mitigavit,
655 3072 684 3118 ui
698 3072 734 3118 est
748 3083 800 3118 mos
814 3073 898 3144 vulgo,
913 3071 1058 3122 mutabilem
1072 3076 1165 3127 subitis

211 3137 236 3183 et
252 3138 302 3182 tam
320 3147 424 3195 pronum
446 3131 472 3179 in
492 3131 685 3181 misericordiam
704 3145 779 3192 quam
797 3131 941 3182 immodmus
956 3134 1049 3185 saevitia
1067 3137 1165 3189 iuerat.

210 3196 293 3245 effusis
304 3195 416 3267 iacrymis
427 3199 451 3243 et
463 3195 564 3243 meliora
576 3191 725 3242 constantius
738 3194 893 3257 postulando,
905 3195 1084 3256 impunitatem
1097 3203 1166 3252 sulu-

211 3263 308 3320 temque
318 3256 411 3305 civitati
423 3256 592 3316 impetravere.

242 3319 316 3369 Lxx.
336 3318 432 3368 Caecina
454 3331 542 3377 paucos
561 3317 586 3365 in
606 3315 723 3366 Helvetiis
742 3320 849 3367 moratus
869 3317 934 3383 dies,
952 3320 1013 3368 dum
1030 3325 1166 3376 seutentiae

211 3380 307 3431 Vitellii
321 3379 410 3430 certior
424 3379 502 3442 deret,
516 3379 590 3427 simul
604 3379 735 3427 transitum
749 3380 847 3440 Alpium
863 3394 959 3444 parans,
970 3381 1058 3432 laetum
1070 3399 1102 3434 ex
1115 3388 1165 3436 lta·
1203 3393 1204 3402 ¹

212 3444 247 3492 lia
264 3441 380 3492 nuntium
395 3439 495 3502 accipit,
515 3440 574 3487 atem
595 3438 709 3511 Suttanqm
728 3441 785 3488 circu
804 3442 888 3491 Padum
906 3449 1004 3503 agentern
1021 3455 1166 3500 sacramanto
1203 3433 1204 3502 i

215 3505 305 3554 Vitellii
321 3503 448 3551 accessisse.
466 3500 640 3549 Proconsulem
658 3500 787 3550 Vitellium
803 3503 900 3551 Sullani
918 3503 943 3552 in
963 3505 1048 3554 Airica
1065 3509 1167 3560 babue-
1203 3513 1204 3518 ’

213 3571 269 3616 raut
284 3581 290 3613 ε
306 3577 363 3613 mox
378 3577 392 3609 a
407 3562 518 3622 Nerone,
531 3565 559 3610 ut
574 3560 601 3608 in
615 3561 748 3623 AEgyptum
767 3563 980 3626 praemitterentur,
997 3567 1072 3617 exciti
1091 3578 1119 3620 et
1135 3575 1168 3622 ob

213 3629 307 3677 bellum
320 3622 432 3673 Vindicis
446 3621 565 3685 revocati,
580 3635 608 3670 ac
624 3626 678 3670 tum
692 3622 718 3693 in
732 3624 801 3673 ltalia
814 3629 939 3675 manentes
952 3626 1071 3678 instinctu
1088 3632 1169 3684 decu·

215 3689 327 3751 rionum,
342 3683 385 3749 qui
398 3682 501 3735 Othonis
518 3683 613 3747 ignari,
626 3683 730 3732 Vitellio
744 3683 865 3749 obstricti,
880 3687 957 3736 robur
972 3689 1170 3745 adventantium

988 2900 1027 2936 em
1043 2887 1123 2939 minis
1134 2905 1165 2940 ac
