2442 4090
194 258 231 312 bb
590 253 744 308 andlan.

196 373 279 428 tirent
292 369 384 442 preter
398 383 449 442 par
465 369 541 424 leurs
555 371 668 440 troupes
683 369 807 424 serment
821 364 837 422 a
852 364 954 422 Othon.
969 359 1110 444 L'Egvpte
1124 376 1152 428 et

156 459 158 472 '
196 457 285 509 tontes
299 452 341 508 les
351 450 498 524 provinces
512 449 545 506 de
560 449 712 508 l'0ricntle
724 455 911 507 reconnurent
920 447 956 504 de
965 449 1073 509 meme.
1084 455 1151 514 L’a-

196 537 287 607 frique
303 535 368 592 etait
382 533 576 607 pareillemeut
594 531 731 604 soumise,
753 549 789 592 en
805 536 1002 603 commenqant
1016 551 1070 607 par
1085 538 1151 594 Car-

198 618 291 690 thage.
308 618 377 676 Sans
392 617 519 676 attcndre
533 618 574 674 les
588 615 729 674 ordresdu
740 615 887 690 proconsul
901 616 1051 688 Vipstanus
1063 619 1151 693 Apro·

198 701 361 767 nianus,un
370 697 507 756 eliranchi
516 698 550 756 de
560 697 663 768 Neron,
677 699 809 756 Crescens
821 695 882 772 (car
891 697 962 753 dans
971 699 1011 754 les
1021 705 1151 760 mauvais

194 783 280 866 jones
285 782 567 854 eeshommesjouent
576 781 650 838 aussi
661 798 698 838 un
705 779 765 837 rete
775 780 846 836 dans
854 770 961 853 l’Etatl,
972 783 1048 838 avait
1057 784 1152 844 donne

199 883 238 936 un
252 882 332 938 repas
345 866 440 938 public
451 882 487 924 en
501 865 687 938 rejouissance
706 864 744 920 du
762 863 865 920 nouvel
879 863 1064 936 aveuement;
1084 871 1113 924 et
1126 869 1152 925 le

199 949 310 1022 peuple,
326 965 390 1011 saus
400 949 502 1020 garder
513 948 548 1004 de
557 963 680 1019 mesura,
690 945 823 1020 precipita
834 949 894 1002 tout
903 946 930 1002 le
941 950 1026 1004 reste.
1038 950 1094 1006 Les
1104 967 1151 1006 au·

199 1036 255 1088 tres
270 1033 351 1088 villes
365 1034 501 1090 suivirent
513 1031 660 1104 l'exemple
673 1029 708 1086 de
722 1029 869 1102 Cartlrage.
985 1093 986 1100 .

234 1117 355 1174 LXXVII.
371 1118 421 1172 Les
436 1113 545 1172 armees
558 1117 585 1170 et
598 1114 639 1170 les
652 1113 797 1186 provinces
811 1129 840 1170 se
853 1115 985 1170 trouvent
999 1113 1078 1170 ainsi
1089 1131 1152 1193 par-
1210 1125 1211 1130 ’

198 1197 302 1268 tagees,
315 1197 441 1274 Vitellius
455 1197 530 1254 avait
542 1197 641 1254 besoin
655 1195 690 1252 de
703 1195 732 1252 la
745 1211 845 1268 guerre
857 1212 927 1270 pour
944 1191 1026 1252 saisir
1039 1196 1068 1252 le
1085 1215 1152 1270 pou·

198 1280 259 1336 voir
274 1281 431 1338 souverain.
447 1279 540 1337 Othon
551 1295 587 1336 en
598 1277 768 1352 remptissait
781 1284 843 1336 tous
856 1279 896 1336 les
906 1282 981 1336 actes
991 1295 1109 1338 comme
1119 1299 1150 1338 en

197 1361 291 1436 pleine
308 1363 390 1436 pair,
413 1360 588 1438 quelqnelois
609 1378 676 1418 avec
694 1361 818 1434 dignite,
843 1361 870 1418 le
891 1361 955 1434 plus
979 1368 1103 1419 souvent
1118 1379 1150 1420 en

196 1447 354 1522 brusquant
368 1447 408 1504 les
419 1445 534 1516 choses,
555 1444 632 1502 selon
646 1441 768 1502 l'interet
782 1445 822 1502 da
838 1447 983 1515 moment,
999 1461 1066 1502 sans
1083 1447 1150 1503 s'in·

196 1529 304 1602 quieter
318 1531 352 1588 de
364 1529 524 1588 l’bouneur.
537 1527 567 1586 ll-
575 1527 684 1602 disposa
693 1528 731 1584 du
743 1528 879 1600 consulat,
891 1528 1044 1602 jusqu'aux
1053 1529 1151 1587 calen-

199 1614 247 1672 des
259 1615 294 1672 de
307 1631 396 1685 mars,
411 1630 481 1687 pour
495 1630 545 1670 son
559 1611 633 1669 icere
648 1613 771 1668 Titianus
784 1614 811 1667 et
825 1628 896 1684 pour
909 1609 1072 1668 lui-meme.
1088 1614 1150 1669 Afin

200 1697 235 1752 de
250 1696 358 1753 donner
372 1698 492 1776 quelque
507 1691 824 1768 satisfactionbl'armee
833 1693 868 1752 de
882 1693 1043 1764 Germanic,
1054 1696 1078 1752 il
1091 1697 1152 1754 des·

197 1779 258 1834 tina
271 1779 313 1834 les
326 1779 398 1834 deux
410 1778 481 1832 mois
494 1775 643 1834 suiuentsia
657 1775 809 1849 Virginius,
822 1780 850 1834 et
861 1775 901 1832 lui
911 1775 1051 1850 ‘adjoignit
1067 1781 1151 1836 Pom·

201 1859 278 1932 peius
291 1861 442 1931 Vopiscus,
465 1875 504 1924 en
521 1859 664 1931 alleguant
677 1875 734 1916 une
753 1860 891 1918 ancienne
905 1859 1002 1917 amitte
1009 1877 1018 1930 3
1037 1863 1113 1919 mais
1125 1864 1153 1920 le

202 1942 283 1999 choix
291 1943 325 1998 de
333 1942 537 2016 Vopiscusetait
545 1941 755 2016 generalement
763 1943 927 2001 attribueau
934 1942 1009 2001 desir
1018 1944 1054 2000 de
1061 1946 1152 2018 plaire

163 2071 166 2076 .
201 2042 257 2082 aar
267 2026 406 2082 Viennois.
417 2029 469 2084 Les
478 2031 571 2084 autres
580 2026 718 2084 consulate
729 2027 864 2086 resterent
878 2026 894 2084 h
907 2043 977 2084 ceux
989 2044 1045 2100 que
1057 2029 1153 2086 Neron

202 2111 230 2166 et
242 2107 328 2166 Galba
336 2110 446 2166 avaient
455 2109 592 2187 designes.
603 2111 654 2167 bes
664 2110 736 2166 deux
744 2111 872 2181 Sabinus,
883 2108 975 2167 celius
986 2115 1013 2168 et
1022 2113 1152 2184 Flavius,

199 2191 658 2266 iurentconsrdsjusqu’cnjuillet;
668 2194 1079 2260 Arriushntoninusetblarius
1090 2199 1155 2255 Cel·

198 2291 263 2346 sus,
281 2273 414 2352 jusqu’en
430 2280 595 2352 septembre.
612 2275 756 2348 Vitellius,
774 2277 867 2334 meme
879 2277 960 2351 apres
975 2295 1006 2336 sa
1018 2281 1152 2352 victoire,

197 2355 239 2416 les
251 2356 336 2416 laissa
345 2360 421 2434 jouin
433 2360 468 2418 de
482 2362 526 2418 cet
539 2361 682 2418 honneur.
696 2360 789 2420 Othon
804 2362 856 2418 mit
867 2360 893 2418 le
908 2362 1016 2420 semble
1031 2361 1095 2421 ela
1108 2365 1153 2424 di·

196 2527 321 2592 pasisnus,
336 2529 413 2593 Syrie
427 2530 537 2592 legiones
552 2527 682 2581 Mucianus
696 2533 848 2582 sacramento
866 2529 970 2583 Othonis
986 2533 1105 2608 adegere.
1120 2535 1154 2586 si-

195 2593 250 2640 mul
265 2592 385 2653 AEgyptus
402 2605 535 2664 omnesque
549 2605 625 2642 versae
642 2593 669 2640 in
684 2593 810 2643 Orientem
824 2595 955 2657 provinciae
972 2610 1077 2662 nomme
1097 2597 1154 2660 ejas

197 2653 353 2700 tenebantur.
368 2653 435 2702 idem
446 2653 537 2702 Airrcae
551 2653 705 2716 obsequium,
718 2655 788 2705 initio
803 2671 818 2705 a
831 2657 978 2720 Cartbagine
988 2662 1052 2708 orto.
1066 2673 1154 2723 neque

196 2712 1154 2844 {attaleni{stetissenttzilleltttttttlt.initiarent

197 2835 279 2900 ciunt)
298 2839 400 2897 epulum
414 2837 480 2900 plebi
494 2839 525 2887 ob
544 2838 654 2888 laetitiam
672 2842 776 2891 recentis
792 2841 890 2906 imperii
909 2844 1045 2908 obtulerat,
1062 2849 1090 2894 et
1110 2862 1155 2908 po-

197 2899 270 3010 puluts
288 2899 406 2962 pleraque
425 2899 478 2952 sine
495 2902 569 2952 modo
586 2901 715 2953 festinarit.
735 2905 910 2970 Carthaginem
928 2909 1017 2957 ceterae
1036 2907 1154 2960 civitates

196 2973 253 3010 secu
289 2998 295 3010 .
810 2981 812 2988 ’
944 2991 946 2996 e

227 2974 350 3075 LX}Vli.
369 3025 411 3075 Sic
426 3024 548 3077 distructis
567 3027 711 3081 exercitibus
731 3041 759 3077 ac
777 3029 909 3138 productis
927 3028 1155 3098 Vitellioquidem

196 3085 227 3133 ad
241 3089 414 3149 capessendam
434 3087 583 3150 principatus
602 3089 727 3138 fortunam
745 3091 777 3138 be
787 3091 811 3139 lo
829 3103 890 3152 opus
905 3096 958 3141 erat
973 3106 980 3140 ι
996 3093 1062 3142 Otho
1079 3101 1112 3145 ut
1126 3097 1154 3146 in

197 3148 274 3197 multa
288 3163 347 3210 pace
363 3151 448 3199 munia
462 3150 558 3213 imperii
572 3151 666 3214 obibat,
682 3153 796 3215 quedam
811 3165 842 3202 ex
855 3153 972 3216 dignitate
986 3155 1153 3222 reipublicae,

195 3211 313 3274 pleraque
327 3215 411 3261 contra
425 3214 501 3262 decus
518 3226 549 3262 ex
563 3213 677 3275 praesenti
692 3227 738 3263 usu
752 3217 916 3276 properando.
931 3217 1017 3266 consul
1031 3231 1093 3268 eum
1109 3222 1154 3270 Ti-

196 3271 262 3318 tiano
283 3274 360 3322 tratre
375 3273 402 3322 in
415 3275 533 3324 kalendas
552 3275 653 3326 Martias
670 3276 737 3339 ipse,
758 3277 883 3337 proximos
904 3291 1001 3340 menses
1023 3280 1063 3330 Ve
1099 3283 1154 3331 'nio

195 3333 299 3383 destinet
311 3339 339 3383 ut
351 3335 449 3399 aliquod
462 3335 578 3385 exercitui
590 3338 736 3386 Germanico
748 3339 944 3390 delinimentum.
954 3340 1071 3406 jungitur
1114 3359 1155 3395 er·

194 3395 261 3457 ginio
278 3396 410 3459 Pompeius
426 3397 546 3458 Vopiscus
561 3402 681 3458 pretextu
695 3400 783 3449 veteris
801 3402 926 3466 amicitias,
941 3404 1054 3467 plerique
1068 3406 1155 3456 Vien-

148 3500 152 3509 Χ
195 3457 310 3506 nensinm
325 3459 415 3506 honori
427 3458 513 3506 datum
531 3457 762 3520 interpretabantur.
780 3465 853 3512 ceteri
867 3467 1008 3514 consulatus
1025 3482 1056 3516 ex
1070 3469 1155 3518 desti-

196 3519 296 3568 natione
317 3519 422 3568 Neronis
444 3524 486 3567 aut
504 3519 588 3568 Galbae
608 3535 733 3586 mansere,
753 3523 828 3572 Caelio
847 3539 875 3574 ac
893 3527 977 3575 Flavio
999 3527 1105 3580 Sabinis
1126 3533 1155 3580 in

195 3581 289 3644 Julias,
304 3581 376 3630 Arrio
390 3580 513 3646 Antonino
528 3584 553 3629 et
566 3581 644 3631 Mario
661 3585 730 3632 Celso
744 3584 770 3632 in
783 3586 938 3648 Septembres
956 3601 962 3636 :
978 3603 1090 3653 quorum
1106 3594 1156 3642 bo-

197 3643 251 3692 uori
270 3657 301 3692 ne
320 3641 436 3692 Vitellius
455 3641 556 3703 quidem
575 3643 651 3692 victor
668 3645 812 3696 intercessit.
831 3648 880 3697 Sed
903 3651 966 3699 Otho
986 3652 1157 3712 pontiticatns

222 4000 491 4080 bum„-
