2444 4086
325 308 542 372 rrrsrornas,
562 291 672 362 trrn'e
692 310 740 362 ιι.Ι
957 305 1002 357 ιιι

84 416 162 486 quain
181 423 207 475 et
225 420 245 478 il
265 423 404 478 accordait
416 428 476 480 tout
487 423 515 480 lc
528 428 601 480 reste
615 422 633 480 ir
646 420 771 478 t’anuee.
786 423 837 478 Les
853 417 1006 477 stiruncbis

82 495 112 551 du
123 499 202 570 paleis
215 502 312 561 iurent
325 507 429 562 soumis
443 505 460 562 i
473 523 514 562 un
527 507 615 563 tribut
628 503 825 580 proportionne
838 519 874 560 nu
887 501 1005 560 nombre

80 577 107 632 de
121 579 190 640 leurs
207 587 339 645 esclavcs.
356 587 448 657 Quant
461 588 479 644 b
491 589 632 658 Vitellius,
652 590 836 660 uniqurment
851 583 953 658 occupe'
970 583 1004 640 do

77 660 189 738 dissipes,
201 669 221 724 il
236 670 339 728 elevati
347 672 397 728 des
406 671 515 730 dcuries
526 688 598 746 pour
611 672 652 728 les
663 671 845 728 conducteurs
859 669 894 725 dc
906 668 1002 739 cbars;

76 741 266 822 ilrcmplissait
277 753 383 812 l’ardne
397 755 432 811 de
443 755 616 827 gladiateurs
627 759 655 811 et
663 754 833 822 dammam,
847 754 885 822 et,
894 766 1004 808 commo

74 828 109 884 sil
121 830 165 888 erit
178 834 221 892 dte
234 837 307 893 dans
318 838 462 896 l'extrdme
474 838 646 907 abondance‚
661 837 773 911 iljetait
784 835 913 909 largent.

100 913 161 970 XCV
162 959 170 973 .
179 919 283 977 talem
290 926 320 978 et
328 921 430 980 (lecina
443 923 614 980 celebrerent
626 921 838 979 l'annirersaire
846 919 880 976 de
889 920 917 976 la
927 919 1003 980 nnis·

72 1007 142 1052 sance
163 999 201 1058 du
222 1004 321 1075 prince
341 1021 392 1078 par
405 1005 454 1062 des
468 1007 617 1079 spectacles
631 1006 665 1063 dc
679 1004 849 1077 gladialems
863 1002 1002 1059 daastous

71 1073 104 1132 les
115 1083 252 1152 quartiers
265 1087 302 1144 de
314 1090 412 1159 Rome,
426 1105 495 1147 arec
505 1105 563 1146 une
573 1105 675 1164 pompe
686 1087 905 1147 extraordinairo
918 1091 945 1143 et
957 1087 1002 1142 in-

70 1175 166 1223 manue
176 1167 358 1243 jusqu'alors.
378 1175 428 1230 bes
446 1173 576 1236 hommes
594 1174 697 1247 perdus
710 1189 740 1230 se
754 1171 907 1244 rdjouireut
920 1173 947 1228 et
960 1170 1001 1228 les

70 1257 129 1314 gons
141 1247 174 1306 de
188 1252 256 1310 bien
276 1256 474 1330 semigomor,
494 1274 550 1331 que
568 1257 696 1315 Vitellius
710 1255 759 1314 erit
772 1255 869 1326 otiert,
891 1271 939 1312 sur
952 1253 1000 1312 dos

69 1329 146 1387 autels
154 1332 247 1395 eleves
258 1355 296 1396 su
309 1339 413 1414 cbamp
427 1341 460 1398 de
474 1342 557 1408 Mors,
572 1341 620 1398 des
634 1340 773 1398 sacrifices
781 1337 912 1396 funebres
922 1337 999 1394 arte

68 1425 120 1470 mn.
134 1417 185 1473 lles
198 1419 328 1479 victimes
342 1423 436 1480 iurent
449 1423 594 1480 immolees
610 1427 639 1480 et
651 1422 761 1480 brettos
775 1421 999 1496 publiquement‚

68 1496 91 1548 et
99 1494 122 1550 le
130 1495 293 1560 ieuallume
304 1521 357 1578 par
367 1507 409 1564 les
420 1510 591 1582 Augustani.
602 1508 640 1564 Ce
648 1506 804 1576 secondom,
817 1503 999 1562 dl’imitstion

68 1575 207 1656 duwllcge
220 1585 256 1644 de
266 1587 373 1660 pretres
386 1589 470 1648 tonde
484 1606 537 1663 par
546 1589 682 1647 Romulus
696 1604 732 1646 en
740 1587 891 1644 l'bonneur
903 1585 937 1642 de
948 1587 1000 1644 'lo-

68 1661 121 1732 tius,
135 1669 263 1732 araitete
274 1673 404 1730 consacnl
414 1690 466 1747 par
473 1673 569 1731 'tibere
584 1672 600 1729 i
613 1673 641 1728 la
652 1673 765 1729 maisou
775 1672 824 1728 des
832 1670 914 1728 lules.
926 1671 999 1739 Orra-

67 1747 102 1800 tre
110 1750 177 1807 mois
183 1768 221 1809 ne
230 1753 357 1813 s'dtaient
363 1759 442 1829 point
450 1773 550 1814 encore
555 1756 665 1814 ecoulos
672 1755 769 1828 depuis
776 1753 805 1810 le
811 1755 998 1836 victoire,que

67 1824 119 1899 diii
132 1830 291 1894 l'ndrsncbi
304 1841 439 1898 Asiaticus
452 1841 552 1914 egalait
566 1839 607 1896 les
622 1837 768 1912 Polyclete,
785 1837 826 1896 les
840 1837 958 1896 Patrobc
970 1842 998 1894 et

67 1913 119 1970 tous
131 1915 170 1974 les
182 1919 289 1978 favoris
297 1923 414 1982 delestis
425 1924 475 1982 des
481 1926 563 1982 rieux
574 1927 676 1997 temps.
688 1925 839 1994 Personne,
851 1921 920 1980 dans
928 1923 998 1978 cette
1052 1971 1056 1978 .

65 2007 131 2067 wll,
140 2016 175 2058 nc
188 2019 219 2059 se
231 2007 340 2078 piquait
353 2008 387 2065 de
403 2013 482 2064 rertu
491 2025 528 2065 ou
536 2006 680 2065 d'actirite.
691 2008 749 2063 Une
758 2005 833 2063 seule
842 2009 923 2064 route
931 2020 997 2062 eon·

65 2074 181 2140 duisaitd
193 2086 222 2143 la
237 2090 394 2162 puissence3
417 2091 508 2150 c'etait
521 2091 681 2161 d'sssourir,
696 2090 766 2148 dans
779 2090 829 2147 des
842 2105 925 2162 repas
937 2087 997 2144 rui-

65 2174 137 2236 neux,
151 2165 167 2224 d
180 2169 257 2228 ioroe
269 2171 304 2229 de
315 2174 381 2231 luxe
395 2178 423 2231 et
437 2175 471 2231 de
480 2175 623 2248 probrsion
630 2215 640 2244 ‚
651 2174 694 2230 les
706 2172 865 2230 insatiables
879 2170 996 2244 appelits

64 2241 92 2300 de
102 2248 237 2312 Vitellius.
254 2257 346 2325 Quant
360 2256 377 2314 b
390 2259 441 2330 lui,
457 2250 480 2314 il
489 2259 533 2314 tui
548 2257 666 2314 siritlssit
679 2257 712 2313 de
726 2257 801 2330 jouir
815 2255 854 2312 du
867 2253 994 2328 pressam

64 2341 89 2384 ⁸³
99 2333 269 2410 rrivoysnce
278 2339 413 2398 s’srretait
422 2341 460 2414 lb,
473 2348 500 2400 et
508 2343 565 2399 l’on
576 2341 615 2398 dit
624 2340 693 2415 qu'il
705 2340 807 2412 dissipa
818 2355 853 2394 en
863 2337 996 2410 quelques

64 2417 283 2481 maisneulcents
291 2425 413 2484 millions
427 2427 462 2484 de
475 2430 616 2484 sesterces.
627 2423 738 2482 Grande
751 2429 780 2480 et
794 2420 993 2478 malbeureuso

65 2495 128 2571 lille,
136 2505 185 2576 qui
199 2507 275 2566 subit
288 2508 358 2566 dans
371 2509 400 2567 la
412 2510 505 2569 meme
513 2509 605 2568 annes
617 2508 710 2568 Otbon
719 2510 748 2564 et
756 2505 892 2576 Vitellius,
902 2509 931 2564 et
938 2508 995 2562 tra·

64 2713 134 2769 tecm
149 2723 295 2790 pecuniam,
314 2725 395 2775 omnio
414 2726 463 2778 alia
480 2726 552 2776 militi
573 2725 731 2789 largiebatur.
751 2723 834 2774 liberti
853 2724 994 2789 Principum

64 2779 147 2840 miore
214 2799 304 2836 rra-mero
317 2789 478 2851 mancipiorum
490 2793 517 2838 ut
530 2789 647 2838 tributum
660 2787 731 2850 Jussi.
747 2786 796 2849 ipsc
811 2789 862 2836 sole
875 2789 994 2850 perdendi

64 2850 112 2890 erra
121 2848 140 2892 st
173 2847 217 2895 ula
227 2847 319 2910 aurigis
332 2854 465 2914 exstruere,
478 2851 570 2900 circum
583 2849 746 2912 gladiatorum
761 2851 918 2912 terarumque
929 2865 992 2914 speo

65 2901 138 2954 brutis
147 2910 258 3028 ορὸΙειε,
269 2914 385 2972 tanquam
398 2913 424 2961 in
439 2926 534 2962 summa
547 2912 696 2963 abundantia
709 2911 819 2972 pecuniae
832 2911 946 2962 illudere.

89 2962 156 3016 xcv,
196 2970 242 3019 uin
256 2975 280 3021 et
293 2975 398 3022 natalem
412 2973 506 3024 Vitellii
520 2975 585 3024 diem
600 2974 696 3024 Caecina
707 2985 734 3022 ac
748 2973 840 3022 Valens
855 2974 928 3024 editis
943 2979 993 3026 torn

65 3021 117 3094 [libe
129 3030 227 3081 vicatim
243 3033 417 3096 gladiatoribus
429 3039 596 3099 celebravere,
609 3035 701 3097 ingenti
714 3039 801 3097 paratu
815 3037 839 3083 et
851 3039 907 3084 ante
921 3036 992 3087 illum

64 3083 118 3138 dum
128 3090 234 3143 insolito.
245 3097 328 3146 laetum
338 3097 471 3148 ioedissimo
479 3099 577 3162 cuique,
589 3100 654 3160 apud
665 3099 740 3147 bonos
752 3096 850 3145 invidiae
862 3097 917 3159 tuit,
927 3101 992 3159 quod

64 3154 174 3223 &modis
188 3156 216 3206 in
229 3171 315 3221 campo
326 3160 414 3210 Martio
425 3160 473 3209 nris
487 3161 587 3211 inleriss
597 3159 691 3210 Neroni
702 3158 804 3208 lecisset.
816 3170 884 3208 caesre
895 3159 992 3220 publico

64 3215 153 3282 petrum
169 3225 345 3284 eremataeque3
367 3224 444 3272 lucem
465 3225 503 3272 Au
539 3225 612 3272 states
630 3221 781 3272 subdidero:
795 3220 860 3281 quod
881 3223 992 3272 sacerdo·

65 3272 115 3324 burn
127 3282 155 3328 ut
168 3281 287 3332 Romulus
297 3283 366 3333 lotio
379 3285 439 3347 regi,
454 3285 486 3334 ita
521 3298 582 3335 resnr
593 3281 704 3333 Tiberius
716 3280 790 3332 lutire
802 3284 868 3345 genti
879 3286 990 3336 sacrarit.

64 3338 157 3409 Mullum
171 3347 274 3404 quartus
287 3358 302 3394 ιι
315 3346 416 3395 victorie
430 3347 533 3411 mensis,
548 3351 573 3397 et
587 3347 689 3395 libertus
701 3343 797 3393 Vitellii
812 3344 932 3396 Asiaticus
945 3348 992 3398 l’o·

64 3393 152 3465 ¹lclrtos,
166 3404 291 3455 Patrobios
305 3411 330 3456 et
346 3412 430 3458 vetera
443 3409 556 3460 odiorum
573 3408 672 3459 nomina
686 3407 807 3469 aequabat.
822 3421 894 3459 nemo
908 3409 934 3457 in
949 3409 991 3460 illa

65 3461 109 3530 tilla
121 3467 237 3524 probitate
250 3474 293 3519 aut
306 3470 425 3520 industris
434 3471 534 3521 camarii
541 3486 549 3534 ;
562 3485 639 3520 unum
652 3468 827 3532 adpetentiam
841 3470 889 3521 iter
911 3471 991 3534 prodi-

64 3527 177 3592 propolis
193 3535 218 3580 et
231 3539 327 3594 sumptu
344 3546 470 3595 ganeaque
483 3533 570 3584 satiare
585 3531 852 3604 inexplebilesllitellii
866 3509 988 3602 libidines.

64 3593 104 3641 tlte
119 3589 211 3642 munde
230 3600 296 3643 ratus
314 3594 335 3642 si
352 3595 515 3657 presentibus
531 3596 665 3657 frueretur,
681 3607 726 3643 nec
744 3608 769 3642 ιιι
785 3595 989 3666 longiusconsul·

64 3645 116 3716 ΨΒ,
126 3653 205 3704 nonies
216 3655 306 3706 millies
318 3657 454 3707 sestertium
467 3656 618 3720 paucissimis
629 3657 754 3706 mensibus
766 3656 926 3704 intervertisse
937 3667 990 3702 ere-

64 3705 127 3760 ditur.
140 3727 227 3780 magna
242 3721 268 3767 et
281 3718 371 3770 misere
384 3719 481 3782 ciritns,
496 3720 582 3768 eodem
599 3731 663 3766 nnnc
677 3717 799 3765 othonem
812 3714 989 3773 Vitelliumque

814 3797 857 3850 td.
