2436 4090
296 260 517 326 HlSTOIliliS,
538 261 648 316 blVllE
667 258 721 314 lll.
931 259 983 316 ΜΒ

80 375 111 450 llo
124 391 146 432 se
155 380 279 450 pressent,
290 377 322 444 ,il
333 369 424 436 burcii
439 395 479 451 pu
492 377 622 452 prevenis
634 375 735 434 Cdoinc
748 374 798 447 qul
815 372 934 444 bdsitcit,
949 391 985 432 ou

79 457 159 530 joiodre
168 459 204 516 les
216 459 322 532 legions
330 464 414 518 event
423 461 452 518 la
463 460 586 518 bataille.
600 459 805 531 Quelques-uns
813 457 856 514 lui
867 459 985 517 conseil·
998 491 1001 498 ·

78 539 141 597 ldent
150 543 179 600 de
191 559 304 617 gugner,
319 560 385 602 orec
396 561 438 602 ses
447 545 512 618 plus
522 544 620 604 fideles
626 543 697 600 omis
706 547 734 600 et
745 558 796 615 per
805 541 852 598 des
859 541 986 600 chemino

77 623 201 697 liburnis,
213 627 327 685 llostilie
336 644 373 684 ou
379 627 528 697 Gre'mone,
535 643 575 692 2en
584 627 689 684 evitent
698 627 844 698 Rauenne3
855 625 985 696 d'autres,

76 705 185 780 d'appeler
197 709 229 780 de
242 713 330 768 Rome
342 711 382 769 les
393 710 728 784 cohootespre'toriennes,
737 714 766 766 et
778 709 813 766 de
824 709 944 766 s’ouvrir
952 709 987 766 de

75 787 129 846 ione
141 791 164 852 le
177 809 296 866 pcsscge.
313 795 393 864 blais,
409 810 460 867 per
480 793 621 852 d’iuutiles
638 792 737 862 deicis,
751 793 772 849 il
785 792 875 865 perdit
888 791 905 848 b
918 791 987 850 deli-

74 869 166 931 birerle
179 883 301 934 moment
314 876 413 949 d'ogir.
433 879 467 935 Et
482 876 598 946 brento,
617 875 771 949 mdprisent
785 877 826 932 les
844 875 916 932 deux
929 877 988 932 eris

73 969 125 1026 pour
137 957 257 1016 s’arriter
272 975 326 1016 eux
344 959 571 1030 demi-mesmes,
587 960 635 1032 qui
652 962 715 1016 sont
729 957 771 1016 les
786 958 849 1032 plus
867 957 988 1016 funestet

72 1033 124 1094 dous
134 1039 169 1097 les
180 1041 307 1114 dungers,
321 1041 343 1098 il
355 1043 434 1102 n'osa
445 1042 524 1115 point
538 1045 566 1098 st
580 1058 617 1099 ne
630 1047 676 1098 sut
688 1058 739 1115 pas
752 1040 872 1115 prdvoir.

96 1119 148 1178 llll.
162 1124 183 1181 ll
195 1124 292 1182 ecrivit
304 1124 322 1182 'a
335 1127 366 1182 L.
380 1125 506 1182 Vitellius
520 1127 548 1182 et
558 1125 700 1184 demando
713 1125 763 1185 des
776 1141 897 1184 seoours.
912 1127 990 1184 Trois

73 1202 174 1262 cohortes
186 1206 353 1278 asciverent,
369 1206 506 1282 uincique
519 1207 547 1264 lc
556 1207 676 1266 division
685 1207 720 1265 de
733 1207 871 1266 occulente
879 1208 989 1266 delire·

72 1287 147 1360 ltgne3
161 1293 186 1347 et
201 1306 269 1349 avec
283 1307 324 1346 un
335 1290 424 1362 peroil
442 1291 560 1350 nombre
581 1291 616 1348 de
635 1293 759 1362 troupes,
778 1307 816 1346 on
829 1307 866 1348 ue
878 1292 990 1364 pouvoit

72 1371 94 1425 ni
104 1388 127 1428 se
138 1373 277 1432 deroberiu
289 1374 434 1442 l’ennemi,
447 1375 479 1430 ni
490 1391 518 1432 se
528 1374 598 1432 seire
608 1374 682 1448 jour.
696 1375 809 1445 Valens,
818 1374 912 1432 meme
920 1375 990 1431 dans

72 1456 130 1512 unsi
141 1457 224 1530 grand
237 1457 358 1530 danger,
371 1473 401 1514 se
416 1456 572 1514 deshonora
586 1473 637 1530 per
650 1471 707 1516 une
720 1457 851 1514 conduite
866 1457 988 1528 inidme3

71 1551 98 1594 on
108 1537 142 1598 lui
159 1539 295 1615 reprochc
315 1539 486 1613 d'emploper
499 1540 527 1598 le
539 1541 664 1598 violence
678 1557 750 1613 pour
767 1556 796 1596 se
810 1556 943 1612 procurer
955 1541 990 1598 do

71 1623 192 1694 coupables
205 1623 316 1699 plaisir-s
328 1626 357 1680 et
369 1623 405 1680 de
418 1623 584 1680 souillerles
597 1623 720 1682 maisons
734 1624 768 1680 de
787 1639 830 1680 ses
844 1623 922 1680 notes
939 1641 991 1697 pur

71 1697 189 1764 l’cdult'ere
200 1711 229 1764 et
250 1707 281 1764 lo
301 1707 488 1779 prostitution.
503 1707 525 1764 ll
539 1706 614 1763 nvait
634 1706 661 1762 le
676 1708 802 1780 pouvoir,
820 1707 949 1780 largent,
963 1711 992 1764 et

70 1781 100 1841 lcs
110 1787 243 1860 dernibres
257 1790 384 1863 passione
398 1789 482 1846 d’une
502 1790 615 1848 fortune
629 1791 678 1863 qui
698 1788 863 1848 s’dcroulait,
887 1791 930 1848 On
947 1807 992 1848 re-

72 1876 162 1943 ccmut,
180 1871 196 1929 i
213 1871 343 1930 l'arrive'e
365 1872 413 1930 des
431 1872 584 1930 ientcssins
603 1876 631 1930 et
644 1872 693 1930 des
705 1873 850 1945 cuvoliers,
864 1873 905 1932 les
917 1875 992 1935 vices

70 1949 99 2006 du
112 1953 170 2033 plen
183 1956 216 2016 de
235 1971 401 2029 campagum,
421 1971 468 2016 our
483 1972 520 2012 on
541 1972 578 2012 ne
597 1958 712 2029 pouvait
731 1973 829 2031 percer
847 1957 864 2014 ci
884 1962 992 2016 mavors

70 2029 179 2096 l'euuemi
191 2057 260 2100 eveo
275 2055 331 2098 une
345 2041 419 2096 aussi
431 2039 519 2098 ioible
532 2045 642 2113 troupe,
656 2041 713 2098 lors
725 2041 819 2099 meme
829 2043 933 2116 qu'elle
944 2043 992 2100 ecit

69 2114 102 2175 bid
117 2121 158 2180 des
170 2124 230 2198 plus
245 2123 392 2192 devoubes,
414 2126 442 2180 et
456 2123 567 2180 celle-ci
586 2123 690 2181 n'avait
708 2125 796 2197 qu’un
809 2124 993 2183 deuouement
1069 2144 1070 2147 ¹

69 2209 215 2274 democle
236 2207 325 2270 nomo
346 2207 515 2280 dependant,
536 2206 564 2264 la
583 2207 714 2279 presence
734 2207 773 2264 du
793 2206 906 2280 general
925 2210 954 2264 et
965 2209 992 2264 le

69 2290 206 2359 respectles
219 2291 380 2352 retentent
389 2309 398 2362 ;
421 2292 493 2348 mais
508 2306 554 2348 ces
568 2289 639 2347 liens
659 2305 695 2346 ne
715 2290 866 2362 pouvaient
885 2289 993 2347 crucier

69 2363 200 2447 longtemps
213 2375 263 2437 des
278 2371 407 2434 hommes
424 2373 521 2431 arides
535 2375 569 2432 de
583 2373 741 2446 desrgerset
753 2373 883 2430 endurcis
896 2379 992 2434 contre

68 2545 121 2602 locro
129 2553 277 2606 doemonem
284 2555 377 2606 cunam
388 2551 528 2617 pernicibus
540 2554 634 2605 nuntiis
646 2556 746 2619 occepit.
760 2557 785 2606 et
796 2554 817 2606 si
828 2561 936 2620 ceptum
946 2559 993 2612 iter

69 2621 209 2680 improbet,
225 2620 357 2667 nutomem
372 2618 494 2668 Goecincm
508 2618 656 2681 prevenire,
670 2623 713 2668 cut
729 2622 786 2668 ante
803 2619 936 2672 discrimen
948 2638 993 2686 pu-

68 2683 111 2733 pne
126 2679 216 2742 nequi
234 2680 344 2744 legiones
362 2680 489 2741 potuisset.
506 2681 674 2730 nec-deerunt
692 2681 735 2744 qui
751 2688 882 2734 mouerent
900 2691 927 2735 ut
944 2699 994 2738 tum

68 2735 165 2794 idissinit
199 2756 223 2791 cr
241 2741 336 2792 occultos
352 2744 463 2806 tramites,
481 2743 552 2792 citctc
568 2741 688 2807 mecona,
704 2744 825 2796 Hostilium
842 2745 994 2800 Grcmocumcc

67 2805 152 2858 ducet.
189 2803 220 2852 ris
236 2805 349 2866 placebat
364 2805 442 2855 ocellis
458 2818 484 2854 cc
501 2803 557 2855 Urbe
573 2806 683 2868 pretoriis
698 2808 821 2858 cohortibus
833 2808 910 2859 ocltdc
927 2825 994 2862 noctu

67 2869 193 2936 itfftbptrc.
208 2865 261 2928 ipse
275 2867 357 2915 inutili
372 2865 526 2918 cunctatione
540 2867 627 2928 egendi
642 2871 751 2931 temporo
764 2873 924 2921 consultando
937 2887 995 2922 con-

68 2929 154 2983 mnpnt
168 2941 175 2974 ε
189 2941 247 2978 mox
260 2932 394 2991 utrumque
409 2928 539 2988 consilium
556 2933 707 2994 aspernatus,
722 2933 788 2994 quod
802 2931 868 2980 inter
881 2934 994 2996 ancipitis

68 2979 208 3095 &trimum
225 2991 351 3060 est,·dum
368 2990 449 3040 medic
464 2991 583 3056 sequitur,
597 3006 643 3042 neo
660 3007 734 3042 tusus
751 2996 788 3044 est
805 2994 863 3042 sctis
878 3008 923 3044 nec
938 3009 994 3058 pro·

100 3061 122 3095 l.

91 3105 146 3161 illl.
162 3113 242 3164 Missis
255 3114 287 3164 ud
300 3113 430 3164 Vitellium
443 3113 520 3172 literis
531 3115 650 3166 auxilium
664 3117 778 3179 postulat.
793 3131 880 3166 venere
893 3121 944 3169 tres
955 3134 996 3172 co·

68 3164 196 3226 bruscum
209 3179 249 3228 ala
258 3177 409 3241 Britannica,
422 3191 502 3239 neque
513 3179 544 3228 cd
558 3179 693 3228 lellendum
704 3184 774 3240 cptus
786 3192 904 3228 numerus
916 3195 995 3246 neque

68 3230 92 3279 td
102 3239 284 3294 penetrandum.
298 3240 340 3289 sed
354 3239 445 3288 Vclens
457 3253 489 3288 ne
502 3241 528 3289 in
542 3241 610 3289 tento
625 3239 725 3302 quidem
739 3240 878 3292 discrimine
892 3242 995 3297 internis

67 3297 143 3360 ceruit,
156 3301 285 3361 quominus
303 3315 390 3362 rupere
403 3301 503 3352 illicitcs
519 3305 656 3364 voluptates
674 3303 849 3366 adulteriisque
863 3319 892 3354 cc
906 3309 996 3370 stupris

68 3357 161 3424 polluere
171 3362 298 3426 hospitum
305 3363 399 3413 vdomus
413 3363 563 3414 crederetur.
576 3365 679 3414 oderent
689 3363 726 3414 vis
738 3370 762 3416 et
773 3365 877 3429 pecunia
888 3372 913 3418 et
923 3385 997 3420 ruen-

68 3417 91 3464 tu
102 3419 199 3492 tortuose
219 3423 350 3476 novissime
369 3423 455 3476 libido.
470 3425 576 3477 adventu
589 3427 690 3478 domum
707 3429 816 3490 peditum
835 3430 996 3494 equitumque

67 3486 264 3538 pmcrios'consilii
276 3486 366 3550 putuit,
380 3488 438 3550 quio
451 3501 498 3538 nec
510 3489 599 3540 cudere
613 3503 657 3551 per
671 3490 754 3540 hostes
769 3495 819 3540 tem
832 3507 907 3553 porro
920 3507 996 3544 manu

67 3545 159 3608 potent,
170 3547 244 3598 etium
258 3549 279 3598 si
294 3549 411 3599 fidissima
424 3550 496 3613 leret,
510 3564 557 3600 nec
570 3549 692 3614 integrum
707 3553 782 3602 fidem
795 3555 935 3602 attulerunt.
951 3570 997 3616 pu·

67 3601 103 3674 ⁶9¹
118 3609 195 3656 tamen
214 3614 238 3660 et
252 3611 379 3674 praesentis
393 3611 462 3661 ducit
479 3613 617 3661 reverentia
632 3614 783 3676 morcbctur,
797 3615 863 3663 houd
881 3615 996 3664 diuturna

67 3668 152 3718 unculc
165 3672 230 3733 opud
246 3673 327 3734 uvidoq
344 3673 513 3738 periculorum
527 3675 553 3722 et
569 3675 693 3724 dedecoris
711 3688 816 3726 securos.
837 3688 867 3724 eo
884 3678 953 3722 metu
971 3681 995 3726 et
