2524 4088
235 243 284 301 ⁴08
634 245 777 302 rantra.

234 355 296 408 tons
314 366 368 425 que
384 354 413 412 le
433 356 496 428 plus
515 355 633 414 brillant
644 356 737 414 succes
751 371 892 414 couronne
910 373 942 415 sa
956 359 1065 416 lecture
1075 378 1084 431 ;
1114 365 1195 418 terite

234 439 303 490 cette
318 435 415 508 gleire,
430 454 540 496 comme
554 455 610 496 une
622 441 745 497 molseon
758 440 862 513 coupee
874 456 911 497 en
924 441 1012 498 herbe
1025 459 1064 499 ou
1077 443 1156 500 dans
1165 461 1194 502 sa

234 517 315 588 lleur,
336 523 428 576 meuit
443 521 480 577 du
491 523 557 594 jour
571 537 608 579 au
623 523 793 594 landemain,
817 539 882 581 sans
900 529 996 596 porter
1010 541 1108 583 aucun
1135 529 1194 584 ruit
1229 550 1230 604 p

234 599 359 656 durable.
371 602 431 658 Elle
441 619 480 658 ne
488 605 582 661 donne
596 607 627 661 ni
638 607 710 662 amis
721 606 753 661 ni
761 606 870 662 clients.
887 607 947 664 Elle
957 623 993 664 ne
1007 607 1096 664 laisse
1108 609 1192 684 apres

234 680 287 738 elle
300 698 394 740 aucun
407 685 441 742 de
454 702 500 744 ces
514 689 660 744 souvenirs
679 688 765 761 qu'un
784 689 889 744 service
905 690 998 746 rendu
1012 707 1104 762 grave
1119 690 1192 748 dans

158 821 167 828 ,
234 765 275 820 les
296 782 402 839 coeurs,
421 771 494 826 mais
509 772 665 828 seulement
678 786 735 826 une
749 785 867 829 rumeur
881 771 1010 840 contuse,
1033 773 1069 828 de
1091 775 1192 830 vaincs

234 849 440 922 acclamations,
455 869 511 910 aure
520 853 576 926 joie
588 854 714 926 fugitive.
729 855 802 910 Nous
815 869 901 910 avons
914 854 978 912 lond
992 854 1191 922 re'cemment,

234 949 343 991 comme
361 951 418 992 une
436 936 519 994 chose
533 940 715 1009 surprenante
730 940 759 992 et
772 937 956 1010 megnibque,
975 937 1004 992 la
1022 936 1190 1008 generosltd

234 1017 268 1072 de
282 1018 441 1090 Vespasien,
460 1034 544 1091 parce
557 1019 657 1093 qu'ila
677 1019 769 1076 donne
783 1019 801 1076 d
813 1021 913 1075 Bassus
931 1024 995 1093 cinq
1017 1023 1084 1077 cent
1108 1022 1191 1079 mille

235 1105 365 1156 sesterces
375 1101 396 1156 ¹.
413 1099 433 1158 ll
449 1104 491 1157 est
503 1102 586 1171 beau,
600 1116 666 1158 sans
680 1101 772 1165 doute,
789 1101 824 1158 de
838 1101 954 1158 me'riter
966 1118 1018 1176 par
1031 1118 1085 1158 sen
1098 1104 1191 1160 talant

232 1183 275 1238 les
297 1182 408 1240 lavaurs
423 1183 462 1240 du
478 1188 591 1258 prince;
612 1184 684 1240 mals
703 1184 779 1240 ilest
797 1199 897 1241 encore
911 1184 974 1257 plus
986 1185 1071 1256 beau,
1088 1187 1190 1259 quand

236 1261 357 1320 l’intdrtat
366 1265 478 1338 l'exige,
487 1267 523 1323 de
531 1282 567 1323 ne
577 1266 715 1332 peaniser
728 1281 783 1339 quc
795 1266 953 1336 soi-meme,
968 1267 1002 1324 de
1016 1268 1191 1340 n'implorer

234 1363 289 1420 que
302 1363 352 1404 son
366 1348 462 1421 genie,
475 1350 509 1405 de
523 1365 560 1406 ne
573 1350 634 1406 rien
648 1349 744 1405 devoir
755 1347 820 1421 qu'a
834 1363 865 1404 sa
878 1364 979 1422 propre
991 1349 1150 1408 liberalite.
1167 1352 1188 1408 ll

236 1447 253 1503 y
266 1447 283 1487 a
296 1431 359 1503 plus
374 1447 474 1488 encore
490 1449 497 1488 :
520 1432 548 1489 le
566 1431 663 1506 podia,
683 1431 726 1488 s'il
741 1433 808 1487 veut
823 1430 965 1488 travailler
978 1435 1007 1488 et
1018 1432 1188 1491 conduirea

234 1513 326 1570 berane
340 1513 380 1570 lin
392 1531 450 1572 une
462 1529 558 1572 oeuvm
571 1515 724 1584 eminente,
744 1513 800 1571 doit
813 1513 920 1571 s’isoler
933 1514 1023 1572 deses
1036 1517 1124 1587 amis,
1140 1533 1187 1574 re·

235 1598 368 1656 noncerd
385 1603 461 1656 toute
481 1602 560 1656 autre
578 1599 739 1671 oocupation
759 1612 815 1670 que
835 1597 876 1652 les
890 1613 953 1654 vers
974 1601 1013 1668 et,
1032 1614 1148 1656 eomme
1161 1600 1186 1657 le
1232 1609 1233 1612 ’

235 1680 327 1738 disent
339 1683 379 1740 les
391 1682 496 1756 polites,
514 1697 544 1739 se
557 1682 657 1738 retirer
668 1681 737 1738 dans
749 1678 839 1736 l'asile
852 1680 901 1736 des
914 1681 990 1753 bois,
1012 1681 1185 1740 c'est-d-dire

236 1766 315 1824 vivre
326 1766 396 1823 sard.
644 1802 648 1808 ι

272 1850 304 1904 Χ.
319 1869 335 1902 s
351 1849 495 1920 L'oplnion
508 1847 613 1918 meme,
627 1847 655 1904 la
666 1845 829 1903 renommee
842 1845 891 1919 qui
905 1849 945 1902 est
957 1848 1018 1903 tout
1031 1861 1106 1918 pour
1118 1863 1184 1920 eux,

235 1931 323 2002 etqui
336 1933 379 1986 est
390 1929 416 1984 le
432 1930 492 1985 seul
503 1931 567 2002 prix
581 1929 615 1985 de
626 1929 689 1985 leur
704 1928 815 1998 travail,
827 1927 862 1985 ils
873 1928 1025 1997 l'avouent,
1035 1933 1078 1986 est
1090 1931 1184 1987 moins

232 2011 334 2086 justet
349 2012 411 2068 leur
420 2011 504 2084 egard
517 2010 582 2084 qu'd
595 2011 700 2083 l'egard
712 2012 761 2068 des
770 2015 906 2068 orateurs.
919 2013 1060 2068 Personae
1071 2028 1108 2070 ne
1117 2030 1184 2070 eon·
1234 2016 1235 2082 }

235 2095 294 2153 nait
307 2096 349 2154 les
362 2094 490 2152 mauvais
501 2093 613 2166 polites,
636 2096 666 2149 et
678 2093 805 2166 tres-peu
819 2094 852 2150 de
871 2107 939 2165 gens
951 2095 1133 2151 contraissent
1144 2095 1184 2151 les

236 2178 316 2236 bons.
339 2178 410 2248 Quoi
430 2176 465 2233 de
485 2176 548 2250 plus
563 2191 626 2232 rare
648 2175 751 2248 qu’une
771 2174 877 2232 lecture
894 2175 943 2248 qui
964 2175 1037 2232 lasse
1054 2191 1132 2233 assez
1150 2177 1184 2235 de

235 2261 311 2318 bruit
324 2277 396 2334 pour
410 2275 528 2332 occuper
542 2260 618 2315 toute
629 2257 657 2314 la
670 2257 748 2328 ville,
760 2261 789 2314 et
801 2256 818 2313 d
831 2257 892 2330 plus
904 2258 975 2314 forte
988 2259 1096 2328 raison,
1112 2274 1184 2332 pour

236 2343 364 2418 penetres
378 2342 395 2400 d
408 2347 515 2400 travers
532 2343 593 2398 tant
612 2340 648 2397 de
667 2341 834 2412 provinces?
857 2339 927 2408 Quel
949 2355 1091 2413 voyageur
1107 2357 1183 2398 vena

206 2459 210 2466 ·
236 2428 391 2499 d’Espagne
405 2442 440 2484 ou
453 2425 556 2494 d'Asie,
570 2424 635 2497 quel
647 2423 760 2481 Gaulois
771 2422 864 2479 meme
877 2435 914 2479 en
927 2424 1053 2480 arrivant
1063 2421 1082 2480 d
1093 2425 1183 2482 Rome

237 2613 316 2649 unum
327 2602 370 2648 aut
378 2599 484 2648 alterum
493 2597 567 2659 diem,
575 2596 641 2645 velut
652 2595 678 2644 in
688 2594 766 2644 herba
779 2595 818 2643 vel
829 2595 890 2644 llere
899 2597 1029 2658 precepta,
1044 2595 1075 2644 ad
1086 2597 1182 2647 nullam

237 2665 331 2712 certam
345 2664 370 2708 et
384 2659 488 2709 solidam
504 2657 615 2722 pervenit
634 2658 750 2729 trugem5
768 2670 813 2705 nec
826 2659 870 2706 aut
885 2658 1018 2706 amicitiem
1032 2656 1092 2706 inde
1106 2659 1182 2710 resen

237 2726 280 2772 aut
296 2722 432 2770 clientelam
449 2726 492 2769 aut
509 2733 653 2770 mansurum
666 2719 694 2767 in
707 2732 789 2767 animo
803 2718 949 2780 cuiusquam
963 2719 1127 2792 beneficium,
1140 2723 1181 2770 sed

237 2785 369 2833 clamorem
385 2795 475 2842 vagum
488 2785 512 2830 et
531 2794 600 2830 voces
617 2780 703 2829 inanes
716 2783 741 2829 et
760 2779 876 2840 gaudium
893 2783 1002 2830 voluere.
1017 2781 1182 2832 Laudavimus

237 2859 316 2907 nuper
334 2846 362 2892 ut
379 2843 468 2892 miram
489 2845 513 2891 et
535 2842 651 2891 eximiam
664 2841 807 2952 Vespasiani
820 2841 1000 2904 liberalitatem,
1021 2843 1089 2904 quod
1109 2843 1181 2906 quin·

254 2910 311 2956 enta
325 2904 435 2954 sestertia
453 2904 528 2952 Besso
545 2903 666 2951 donasset.
682 2917 715 2964 pu
725 2906 813 2952 ebrum
833 2904 859 2952 id
873 2904 982 2966 quidem,
998 2903 1181 2967 indulgentiam

236 2921 356 3030 §sincipis
371 2965 469 3030 ingenio
485 2963 594 3014 mereri:
611 2966 703 3025 quante
717 2971 800 3013 tamen
820 2965 955 3028 pulchrius,
969 2965 990 3014 si
1006 2965 1095 3014 iteres
1109 2967 1181 3016 lami-

237 3031 305 3080 liaris
316 3025 407 3094 exigat,
420 3041 446 3078 se
461 3028 542 3089 ipsum
558 3025 648 3087 colere,
665 3039 738 3076 suum
758 3027 885 3088 ingenium
897 3026 1042 3090 propitiare,
1056 3041 1129 3076 suam
1143 3042 1183 3078 er·

237 3094 314 3156 periri
333 3089 522 3142 liberalitatem?
539 3087 619 3148 adiice
639 3089 705 3150 quod
725 3089 816 3152 poetis,
832 3088 941 3138 simodo
962 3088 1067 3150 dignum
1087 3091 1181 3152 aliquid

238 3157 363 3204 elaborare
375 3159 398 3204 et
412 3154 509 3202 elticere
523 3151 608 3213 velint,
621 3149 781 3210 relinquenda
792 3149 942 3200 conversatio
954 3151 1092 3198 amicorum
1106 3155 1130 3202 et
1140 3151 1181 3213 ju·

237 3217 349 3265 canditas
362 3215 442 3277 Urbis,
455 3213 588 3264 deserenda
602 3213 683 3261 cetera
691 3209 864 3273 oldaia,utque
878 3211 924 3274 ipsi
935 3213 1030 3274 dicunt,
1042 3211 1069 3260 in
1077 3227 1180 3264 nemora

238 3280 263 3326 et
275 3279 342 3326 lucos
366 3277 389 3325 id
402 3281 436 3325 est
460 3277 486 3324 in
498 3273 665 3336 solitudinem,
679 3273 843 3323 recedendum
854 3277 899 3322 est.

268 3337 300 3387 X.
312 3353 326 3385 u
342 3315 381 3388 lie
395 3313 478 3398 optino
489 3337 588 3399 quidem
602 3338 626 3384 et
641 3336 716 3407 lame,
734 3333 777 3384 cul
790 3334 836 3384 soli
850 3333 962 3384 serviunt
977 3335 1002 3384 et
1016 3334 1084 3394 qnod
1101 3349 1180 3386 naum

238 3411 288 3448 esse
302 3399 408 3461 pretium
421 3398 500 3446 omnis
514 3397 604 3446 laboris
618 3411 655 3445 svn
671 3397 867 3458 intentansque
883 3399 967 3460 poetas
982 3410 1058 3458 quam
1072 3403 1180 3449 oratores

238 3461 354 3522 sequitur,
366 3458 482 3519 qnoniam
494 3457 628 3506 mediocres
636 3459 720 3519 poetas
731 3471 802 3507 nemo
812 3459 887 3522 novit,
900 3460 975 3508 bonos
986 3457 1069 3520 pauci.
1081 3461 1180 3521 quando

238 3523 305 3571 enirn
315 3519 495 3570 rarissimarum
507 3517 678 3568 recitationum
689 3520 755 3568 tama
764 3518 791 3567 in
802 3522 878 3568 totam
892 3521 982 3571 Urbem
993 3521 1125 3581 penetrati
1137 3537 1180 3572 ne·

239 3582 298 3630 dum
311 3587 339 3631 ut
352 3595 396 3643 per
409 3583 446 3627 tot
458 3578 591 3640 provincias
601 3578 744 3629 innotescat.
757 3581 973 3644 quotusquisque,
1021 3595 1065 3630 um
1079 3595 1112 3632 ax
1125 3583 1180 3634 llis·

240 3645 310 3703 partia
330 3645 368 3693 vel
383 3641 448 3704 Asia,
464 3654 496 3690 ne
513 3639 571 3702 quid
590 3640 621 3688 de
640 3639 716 3689 Gallis
733 3642 822 3692 nostris
840 3645 935 3706 loquar,
956 3642 982 3691 in
1019 3643 1089 3693 rbem
1105 3647 1179 3710 venit,
