2492 4080
235 237 287 292 t1o
642 239 789 292 recise.

235 353 378 428 municipe
392 367 534 412 erecours
546 352 563 411 b
574 354 674 425 Rome,
686 355 782 427 quond
796 355 818 411 il
829 355 901 419 n’est
914 352 1022 412 trouble
1035 353 1068 410 nl
1078 368 1130 426 par
1142 369 1178 410 un

234 438 335 511 peuple
345 439 446 510 voisin,
465 438 495 496 ni
511 453 562 510 per
579 437 621 494 les
633 437 772 498 discordes
794 439 957 496 intestines?
971 436 1179 496 Arous-nonsit

235 521 366 580 deiendre
389 522 429 578 les
443 523 597 595 provinces,
619 520 699 578 sinon
715 519 889 594 lorsqu’elles
906 525 968 578 sont
982 519 1142 594 opprimdes
1155 522 1180 576 et

117 616 124 623 '
235 605 425 680 tyrannise'esi
444 607 466 662 ll
480 607 548 666 ueut
562 604 657 660 udeux
671 619 706 660 ne
721 605 799 678 point
815 605 896 662 avoir
907 603 924 661 d
936 621 970 662 se
982 603 1114 677 plaindre
1127 619 1178 677 quc

235 687 372 746 d'obtenir
395 703 564 762 vengeence.
587 685 635 746 S'il
650 687 760 744 existuit
773 703 829 746 une
848 687 917 744 ville
934 685 971 744 ob
993 703 1132 760 personne
1147 701 1180 743 ne

235 771 351 830 commit
363 773 398 830 de
412 773 504 842 de'lits,
519 773 660 843 l'oreteur,
675 787 713 829 au
724 771 822 832 milieu
835 771 920 828 d’une
933 771 1096 844 population
1111 770 1180 828 irre'·

235 856 395 930 prochoble,
415 857 499 916 serait
512 854 622 926 inutile,
639 871 750 912 comme
762 855 790 914 le
802 855 930 916 medecin
944 855 1039 928 parmi
1052 855 1101 912 des
1115 869 1179 928 gens

235 939 301 996 bien
325 943 459 1013 portante.
476 939 645 1012 dependant,
668 938 703 998 de
722 937 816 998 meme
829 953 885 1012 que
898 938 963 995 lert
983 938 1019 996 de
1033 937 1130 1010 guerir
1142 941 1180 994 est

235 1026 327 1082 moins
342 1024 469 1099 pretique
483 1028 510 1080 et
525 1023 576 1080 soit
586 1023 679 1083 moins
689 1023 725 1082 de
734 1022 850 1097 progrbs
864 1022 930 1080 obes
939 1023 981 1079 les
989 1022 1104 1096 peuples
1113 1023 1181 1079 dont

235 1106 264 1165 la
278 1107 355 1164 sente
369 1111 409 1164 esi
422 1107 534 1167 robuste
551 1110 579 1166 et
591 1105 619 1164 le
639 1121 720 1178 corps
734 1107 899 1178 vigoureux,
912 1105 986 1162 ainsi
996 1105 1038 1162 les
1056 1109 1180 1162 orateurs

235 1195 298 1248 sont
312 1191 404 1248 moins
416 1189 583 1261 nombreur,
596 1193 624 1248 et
637 1189 702 1246 leur
713 1189 802 1262 gleire
822 1193 865 1246 est
878 1189 970 1246 moins
982 1188 1090 1261 grande
1104 1187 1133 1245 lio
1146 1187 1180 1244 ob

235 1273 276 1331 les
289 1288 396 1330 moeurs
408 1276 471 1330 sont
485 1287 578 1346 puros,
593 1277 621 1330 et
642 1272 684 1330 leo
696 1270 813 1346 peuples
826 1271 931 1330 soumis
945 1287 983 1328 au
1002 1272 1122 1345 pouroir
1135 1273 1179 1346 qui

235 1357 277 1416 les
289 1371 442 1430 gouveme.
457 1356 536 1414 Est-il
550 1355 658 1426 besoin,
672 1371 708 1412 en
721 1355 797 1426 effet,
819 1354 855 1412 de
867 1355 987 1412 dimuter
999 1355 1181 1428 longuement

235 1441 304 1498 dens
325 1439 352 1498 le
367 1439 458 1511 senet,
471 1439 566 1513 quand
578 1438 620 1496 les
641 1455 710 1512 gens
724 1438 759 1497 de
772 1439 839 1495 bien
852 1438 1030 1496 s’entendent
1042 1438 1077 1495 de
1092 1439 1181 1495 sorite?

235 1522 317 1580 Est-il
329 1523 426 1580 besoin
444 1523 480 1580 de
500 1521 662 1594 harenguer
683 1521 708 1578 si
726 1524 845 1579 souvent
865 1521 893 1578 le
908 1522 1018 1595 peuple,
1038 1520 1133 1594 quood
1154 1521 1182 1579 lc

235 1605 370 1664 directim
382 1605 431 1664 des
441 1604 553 1664 adures
565 1604 734 1678 appartient,
746 1619 804 1661 non
818 1619 868 1676 pos
881 1619 938 1662 aux
950 1603 1094 1662 individus
1104 1605 1181 1662 incc-

188 1724 208 1737 -
235 1689 330 1763 pobles
352 1691 381 1745 et
399 1687 417 1746 b
436 1688 466 1746 la
479 1687 639 1757 multitude,
654 1688 726 1745 mnis
739 1703 776 1744 au
797 1687 859 1762 plus
873 1703 938 1760 sege
952 1690 980 1745 et
1001 1684 1020 1742 b
1039 1686 1082 1743 lui
1101 1687 1178 1744 senii
1226 1703 1227 1718 ³

235 1772 319 1832 Est-il
331 1772 428 1830 besoiu
451 1772 648 1830 d'accusotions
665 1771 846 1842 volontaires,
860 1770 1009 1844 qunndles
1021 1769 1101 1828 deliis
1120 1774 1183 1828 sont

236 1859 260 1917 si
283 1871 361 1914 cares
384 1859 412 1914 et
435 1856 459 1913 si
480 1871 536 1929 peu
559 1857 676 1928 gravosi
691 1855 876 1929 eroyez-moi,
895 1871 965 1913 vous
986 1855 1035 1931 qui
1055 1855 1115 1914 ties
1136 1856 1184 1915 des

235 1956 305 2016 gens
317 1938 435 2008 deblen,
448 1941 486 2010 et,
500 1943 599 1996 nutent
610 1940 696 2012 qu'on
704 1943 771 2013 peut
782 1938 810 1996 le
821 1939 986 2012 demandes,
998 1939 1185 2000 desomteurs

235 2025 390 2098 eloquente,
404 2023 430 2080 si
442 2038 512 2081 rous
524 2022 594 2080 etiez
608 2023 658 2080 ndo
670 2025 741 2082 dens
760 2022 802 2080 les
814 2023 899 2082 rieux
913 2023 990 2097 eges,
1012 2040 1050 2080 ou
1071 2025 1095 2081 si
1115 2041 1186 2084 ceux

235 2124 290 2188 que
302 2123 374 2165 nous
388 2105 532 2164 admirons
542 2106 647 2165 emicui
664 2107 715 2166 nes
727 2107 918 2180 eujnmd’lrui,
932 2107 956 2165 si
976 2106 1100 2181 quelque
1119 2109 1187 2170 dieu

235 2192 310 2252 nvait
328 2189 440 2266 ddploed
461 2189 591 2248 l’instnnt
609 2190 643 2248 de
662 2191 907 2262 votreexistence,
930 2205 1000 2248 rous
1020 2191 1117 2250 aurien
1137 2209 1185 2266 eu,

235 2293 316 2349 vous,
331 2291 362 2333 ce
375 2290 444 2333 nom
457 2273 577 2332 delatum
596 2273 679 2348 qn’ils
691 2278 741 2331 ont
754 2275 857 2332 obtenu
870 2275 941 2332 dens
958 2273 1146 2349 l'dloquenee,
1161 2282 1187 2336 et

235 2356 444 2433 longiores
464 2357 527 2414 leur
539 2363 615 2430 tour,
634 2357 684 2416 eut
702 2357 746 2416 dte
767 2357 900 2416 suborto
914 2362 943 2416 et
961 2359 1123 2418 emoindrie
1137 2377 1188 2435 par

236 2442 277 2504 les
291 2441 423 2502 obstacles
440 2441 491 2515 qui
510 2444 560 2500 ont
572 2441 675 2500 colenti
692 2444 771 2500 votre
784 2457 876 2518 essor3
896 2441 969 2500 mab
981 2443 1135 2517 puisqu’ou
1153 2461 1188 2505 ne

234 2611 305 2678 pium
320 2612 347 2663 in
359 2611 498 2674 clientelnm
508 2612 619 2662 noenum
631 2609 708 2676 vonit,
719 2609 768 2662 nisi
780 2609 848 2673 quod
859 2614 902 2662 eut
915 2609 1011 2662 vicinus
1024 2613 1137 2675 populns
1148 2619 1189 2666 ont

235 2675 368 2727 domestice
384 2673 506 2724 discordis
519 2671 609 2736 agitat?
628 2687 704 2747 quom
717 2673 868 2736 provinciam
880 2677 980 2724 tuemur
992 2673 1041 2734 nisi
1054 2677 1188 2738 spoliatum

235 2735 409 2798 verorumque?
424 2735 491 2798 otqm
504 2737 595 2786 melius
611 2736 696 2786 turmot
710 2749 760 2786 non
774 2737 844 2798 queri
857 2750 931 2798 quem
945 2734 1077 2786 vindicor-i.
1092 2739 1189 2800 Quodsi

235 2797 388 2850 inveniretur
400 2797 483 2858 alique
496 2796 596 2871 civitas,
607 2797 634 2847 in
648 2811 696 2872 quo
710 2811 785 2848 nemo
797 2801 923 2862 peccaret,
938 2811 1108 2861 supervacuus
1125 2806 1190 2852 essct

235 2859 302 2910 inter
315 2859 454 2909 innocentes
470 2862 639 2922 oretor,s1cut
654 2863 721 2910 mter
735 2874 805 2910 sonos
820 2861 942 2912 medicus.
958 2863 1086 2923 quomodo
1101 2865 1189 2914 tomen

235 2921 369 2974 minimum
381 2919 629 2994 ususminimumque
641 2923 766 2984 proiectus
776 2937 816 2972 urs
827 2922 947 2974 medentis
956 2920 1034 2972 moer
1044 2923 1074 2972 in
1086 2923 1119 2974 iis
1132 2941 1190 2990 geu-
1226 2929 1227 2940 ¹

235 2984 300 3034 tibus
314 2995 369 3046 quse
385 2983 527 3032 firmissima
539 2982 678 3034 valetudine
692 2997 720 3034 cc
732 2985 900 3036 saluberrimis
910 2985 1056 3047 corporibus
1070 2992 1188 3052 utuntur,

234 3047 269 3098 sic
283 3045 365 3095 minor
380 3049 506 3095 oratorum
520 3044 694 3108 obscuriorque
707 3046 787 3110 glorio
800 3051 836 3097 est
849 3047 914 3098 inter
930 3048 1008 3098 bonos
1022 3061 1109 3099 mores
1123 3055 1151 3101 et
1164 3051 1189 3100 iu

234 3108 379 3171 obsequium
389 3107 496 3171 regentis
507 3110 614 3170 porotm.
627 3109 685 3170 quid
699 3109 765 3158 enim
777 3123 840 3172 opus
853 3114 888 3158 est
901 3109 982 3171 longis
993 3108 1021 3158 in
1031 3114 1124 3162 senatu
1137 3127 1191 3164 sen-

234 3172 332 3234 tentiis,
346 3184 425 3232 quum
442 3169 528 3232 optimi
545 3168 777 3224 eitocousentionti
796 3171 857 3232 quid
875 3171 961 3222 miritis
980 3172 1048 3232 opud
1101 3177 1190 3237 pulum

234 3231 405 3296 concionibus,
418 3241 503 3306 quum
513 3233 545 3284 de
561 3232 687 3294 republica
704 3247 756 3283 uon
776 3233 884 3296 imperiti
901 3233 1017 3284 etmulti
1034 3231 1052 3282 d
1079 3236 1191 3301 iberent,

234 3295 277 3344 sed
296 3294 488 3356 sapientissimus
505 3297 531 3344 et
545 3294 629 3344 unus?
648 3294 708 3358 quid
722 3295 866 3346 voluntariis
878 3293 1095 3360 coemptionibus,
1111 3313 1191 3362 quum

234 3361 286 3407 tom
299 3369 354 3404 roro
368 3359 392 3406 et
405 3360 455 3406 tom
468 3369 540 3419 perce
555 3355 685 3419 peccetur-i
696 3357 757 3419 quid
770 3357 895 3408 inuidiosis
906 3361 933 3407 et
945 3358 1130 3410 excedentibus
1140 3375 1193 3411 mn·

234 3419 296 3470 dum
310 3417 504 3483 defensionibus,
516 3431 594 3482 quum
604 3419 738 3472 clementie
753 3418 921 3482 cognoscentis
932 3419 1031 3470 obviem
1041 3421 1191 3482 periclum

234 3482 301 3533 tibus
314 3478 372 3531 coti
393 3480 500 3545 Credite,
514 3480 602 3542 optimi
618 3485 643 3532 et
657 3482 683 3534 in
696 3487 818 3556 quonium
830 3496 892 3545 opus
907 3485 943 3533 est
958 3480 1123 3552 disertissimi
1137 3486 1193 3550 riri,

233 3545 254 3596 si
265 3549 308 3594 out
322 3557 364 3594 ros
377 3542 501 3616 prioribus
510 3542 607 3594 seruus
618 3547 662 3594 cut
676 3544 716 3594 isti
728 3557 790 3607 quos
802 3544 925 3596 miremur
937 3544 976 3596 bis
988 3544 1042 3596 nuti
1052 3552 1155 3613 essent,
1167 3563 1194 3598 sc

233 3607 295 3658 deus
313 3605 403 3668 oiiqms
425 3605 488 3656 vites
507 3618 536 3656 ec
552 3610 631 3658 vestro
653 3610 763 3670 temporo
780 3611 882 3669 repente
900 3610 1032 3672 mammet,
1051 3621 1102 3660 nec
1122 3611 1194 3662 vobis

233 3682 331 3720 summo
343 3669 388 3720 ilio
400 3669 455 3720 lous
468 3671 494 3720 et
506 3667 585 3732 clorio
599 3667 626 3720 in
639 3667 780 3734 eloquentie
791 3683 873 3734 nequo
886 3668 937 3720 iliis
948 3669 1038 3720 modus
1052 3674 1082 3722 et
1095 3676 1193 3737 tempe·
