2492 4080
263 236 458 301 nunooun
473 242 544 306 &lli
560 245 628 304 us
643 247 853 308 (terrenus
978 251 1028 309 Μ

94 377 160 420 vous
171 366 318 436 proposnnt
336 361 385 420 ries
402 361 551 434 exempla,
565 362 595 420 lt
610 362 764 424 doemon
780 372 809 424 et
826 368 1031 430 l'noalssement

93 447 128 504 de
141 445 204 502 l'art
217 447 336 504 orotoIre
349 463 418 502 vous
430 447 619 518 apparuissent
631 447 811 519 phInemenl.
828 473 844 506 s

127 529 223 586 XXVII.
240 549 255 584 r
268 529 445 598 Hitenvous
454 529 495 586 dit
508 529 658 600 Itnternrn,
667 536 696 588 et
708 534 865 608 mmplissez
875 541 954 595 votre
967 556 1031 614 pro-

93 629 190 684 messe,
200 629 327 670 eornous
340 628 377 670 ne
390 611 562 670 demandons
574 628 626 686 pas
638 616 723 687 qn'on
736 633 807 675 nous
819 619 965 680 demontre
977 639 1032 698 que

13 695 20 714 '
93 696 132 758 les
144 699 255 754 molens
267 693 371 754 etuent
383 696 447 770 plus
468 694 624 768 eloquents3
647 696 713 754 o’est
726 697 744 755 i
757 717 818 759 mes
834 719 907 778 γαπ
924 721 965 763 un
979 706 1031 764 tait

93 779 183 840 ανέτέ.
205 782 279 838 Nous
298 778 455 836 cherchons
465 778 497 835 lo
514 794 596 836 cause
615 779 650 836 de
668 780 732 838 leur
749 786 911 856 superiorite
916 808 926 861 3
940 789 1032 848 toutl

93 863 199 922 l'heure
219 879 289 922 vous
310 878 382 921 nous
395 879 463 920 orez
481 862 521 918 dil
539 878 594 936 que
608 879 676 920 rous
689 879 758 922 rous
771 870 899 942 oocupies
915 877 1033 930 souvent

93 946 128 1004 de
138 946 167 1006 lo
179 946 328 1018 chercher3
347 950 376 1003 et
389 945 463 1004 ulors
475 961 545 1002 rous
562 945 632 1002 oties
645 946 709 1018 plus
721 948 813 1007 culmo
826 954 854 1008 et
867 954 959 1012 molus
972 971 1032 1014 em·

93 1028 170 1106 porte
191 1036 287 1091 oontre
304 1028 476 1102 l’eloquenee
493 1029 528 1085 de
545 1033 626 1086 notre
640 1034 739 1103 temps,
753 1038 840 1091 oront
860 1037 983 1111 qu'Aper
996 1055 1033 1098 ne

93 1131 161 1173 vous
176 1115 225 1172 eut
236 1113 325 1172 usse
337 1129 375 1170 en
387 1114 534 1184 ottoqunnt
550 1127 599 1168 ros
613 1112 749 1171 meilros.
766 1135 781 1169 s
796 1145 834 1159 -
848 1136 863 1171 r
877 1119 909 1176 Ie
921 1135 959 1177 ne
974 1123 1032 1179 suis

92 1197 275 1272 polutblesse,
284 1196 412 1270 repondit
421 1195 544 1266 Itesssis,
555 1195 590 1253 de
598 1195 627 1253 le
635 1197 905 1275 olseusnond'lper,
915 1207 943 1260 et
952 1220 1033 1264 vous-

91 1276 185 1338 mtnse
198 1274 267 1340 rou's
279 1297 315 1338 ne
327 1280 435 1338 dernier
447 1295 496 1352 pos
507 1295 575 1337 vous
588 1278 692 1351 lichen
703 1282 765 1354 sije
777 1281 883 1342 loissois
895 1285 1033 1362 eohepper

93 1363 228 1438 quelques
242 1367 315 1422 mots
328 1363 530 1422 mulsonnunts.
546 1365 620 1420 Vous
637 1379 717 1421 seren
730 1381 786 1439 que
799 1367 868 1425 dens
887 1385 932 1426 oes
948 1377 1034 1431 sortes

92 1447 129 1506 de
149 1448 327 1517 discussions,
350 1447 379 1504 lo
396 1445 535 1519 premiere
553 1445 592 1503 loi
604 1452 645 1504 ost
659 1445 694 1503 de
712 1447 773 1504 dire
786 1463 818 1505 sa
831 1451 945 1522 penses,
969 1469 1035 1511 sans

91 1529 199 1604 quoles
210 1529 354 1588 stieoiions
366 1529 455 1586 soient
467 1529 552 1586 mises
564 1529 696 1600 enisu.»
706 1557 742 1571 -
751 1548 767 1583 r
776 1531 911 1606 Gourege‚
925 1533 966 1590 dIt
977 1535 1034 1592 lle-

91 1617 199 1682 terurn,
207 1614 365 1687 ¹retpuisq'ue
378 1627 447 1669 vous
458 1611 528 1668 sllez
539 1612 634 1685 parler
646 1611 695 1670 des
708 1613 830 1686 enciens,
839 1615 958 1674 tultos-le
967 1634 1035 1677 avec

90 1701 164 1754 oette
181 1697 280 1754 liberte
300 1696 414 1770 entique
432 1695 483 1768 qui
500 1697 541 1752 est
559 1709 660 1753 encore
680 1696 745 1770 plus
765 1697 825 1756 loin
844 1699 879 1758 de
895 1715 966 1760 nous
979 1717 1034 1778 que

90 1779 271 1853 l'floquence.
287 1798 302 1834 n

126 1863 238 1919 XXVIII.
255 1880 270 1916 r
285 1863 335 1919 Les
348 1876 445 1919 censes
457 1877 511 1935 que
520 1875 590 1918 vous
603 1860 750 1934 cherchen,
759 1865 910 1938 Maternus,
918 1870 981 1925 sont
988 1868 1033 1927 sl·

88 1945 173 2006 srnles
184 1963 256 2020 pour
268 1948 341 2016 tons,
355 1946 442 2018 reprlt
454 1944 568 2003 Messala
572 1963 581 2016 3
605 1944 673 2002 elles
690 1950 753 2004 sont
769 1963 892 2008 somnes
904 1951 939 2009 de
954 1967 1033 2024 vous,

88 2030 126 2090 de
139 2029 289 2100 secundus,
304 2029 414 2102 d’Aper,
428 2032 457 2085 et
469 2043 540 2086 vous
550 2044 587 2086 ne
602 2030 743 2087 m’invitez
757 2029 774 2086 i
786 2034 882 2105 parler
895 2049 950 2108 que
962 2051 1035 2108 pour

88 2113 273 2186 exprimeres
286 2128 342 2186 que
352 2127 424 2167 nous
438 2125 558 2184 pensons
570 2117 642 2168 tous.
654 2113 697 2170 On
706 2115 824 2187 ssitque
832 2117 856 2172 si
864 2115 1035 2191 l'oloquence

87 2201 119 2254 et
127 2196 168 2253 les
181 2199 276 2253 eiures
289 2199 347 2252 arts
359 2197 422 2252 sont
433 2193 538 2252 deohus
550 2194 585 2251 de
592 2195 655 2252 leur
664 2197 799 2254 ancienne
810 2198 908 2270 gleire,
925 2202 1035 2258 cen'est

11 2289 12 2364 ζ
87 2279 388 2356 pesqueleshommes
398 2278 1036 2353 manuent,maisc²estparl’im0ucianoe(13

82 2365 187 2438 jeunes
197 2377 277 2434 gens,
289 2363 318 2418 la
328 2360 490 2434 negligonoe
503 2359 553 2416 des
566 2359 656 2432 peres,
667 2360 838 2434 l'ignoronce
847 2362 896 2421 des
909 2365 1034 2437 mitres,

11 2435 12 2472 r
85 2447 116 2504 le
131 2446 233 2504 dedain
246 2445 294 2502 des
309 2461 415 2502 rnoerrrs
426 2443 555 2517 ontIques
565 2459 573 2499 τ
584 2459 615 2500 oe
627 2448 689 2501 sont
702 2442 731 2500 u
744 2445 793 2502 des
808 2462 896 2504 mour
908 2449 970 2522 qui,
983 2448 1035 2508 ιιέι

85 2611 114 2658 et
127 2620 173 2668 ego
185 2618 236 2653 non
250 2578 495 2652 verebor-'nominare
507 2599 626 2664 singulos,
639 2611 688 2662 quo
704 2600 799 2652 facilins
814 2604 942 2666 propositis
955 2619 1037 2659 exem·

83 2667 137 2733 plis
148 2681 179 2727 op
198 2670 273 2729 urent,
285 2664 376 2725 quibus
388 2663 593 2735 gradibustrecto
609 2663 641 2711 sil
652 2666 677 2711 et
690 2663 816 2713 deminuto
829 2667 1001 2728 eloquentis.»

119 2728 168 2780 XX
193 2729 225 2778 11.
248 2744 262 2776 o
278 2728 431 2798 sumopere,
449 2725 529 2786 inqurt
544 2726 679 2790 Maternus,
692 2728 718 2774 et
731 2726 812 2787 pollus
825 2732 919 2779 exsolve
932 2732 1035 2792 prornis-

82 2807 155 2844 sum.
167 2804 247 2852 noque
260 2803 326 2839 enun
339 2790 385 2838 hoo
401 2787 484 2852 colligi
501 2787 682 2852 desideremus,
696 2788 836 2838 disertiores
849 2803 901 2841 esse
914 2793 1034 2860 unitorros,

81 2854 156 2917 quod
168 2853 234 2914 opud
247 2865 287 2900 me
300 2850 402 2912 quidem
412 2849 439 2898 in
456 2850 567 2899 confesso
581 2854 627 2914 est,
640 2853 682 2902 sed
696 2864 782 2900 cousus
797 2853 959 2918 exquirimus,
973 2870 1034 2917 quus

82 2921 112 2978 to
125 2915 228 2966 solitum
241 2916 345 2964 tractore
366 2912 440 2974 poulo
453 2915 510 2962 oute
529 2911 620 2962 dixisti.
641 2915 714 2975 piune
735 2912 820 2962 mitior
843 2918 867 2963 et
888 2918 1034 2978 eloquentior

81 2979 230 3039 temporum
244 2979 384 3024 nostrorum
397 2985 447 3023 non
458 2973 536 3024 iretur
558 2980 691 3037 autequam
706 2979 729 3023 te
743 2976 811 3036 Aper
827 2977 963 3027 otlenrleret
983 2993 1036 3028 me-

77 3041 156 3104 jures
169 3041 225 3088 tuos
247 3035 423 3086 Ioeesseudo.»
444 3061 475 3072 -
489 3051 504 3082 α
516 3010 572 3086 lion
587 3050 651 3099 sum,
670 3037 697 3084 iu
732 3035 761 3097 it,
783 3038 888 3086 otlensus
911 3040 970 3101 Apri
991 3038 1036 3090 illo

79 3100 277 3163 disceptatione3
291 3110 337 3147 neo
350 3109 394 3146 vos
405 3097 496 3146 offendi
507 3097 613 3160 decebit,
625 3097 697 3158 siqui
726 3099 787 3146 torte
798 3111 870 3148 eures
879 3105 969 3150 vestros
979 3115 1035 3174 per·

79 3163 196 3235 strIngit,
208 3175 285 3223 quum
296 3159 377 3209 scistis
390 3160 455 3208 hono
468 3172 519 3208 esse
531 3158 651 3219 eiusmodi
663 3172 804 3211 sermonum
814 3163 902 3232 legem,
913 3161 1035 3222 judicium

79 3225 167 3276 enirm
179 3224 241 3273 citro
254 3225 371 3272 dommm
388 3223 488 3270 allectus
502 3222 649 3282 prolerre.»
664 3246 695 3257 -
710 3236 724 3267 o
738 3221 825 3294 Perge,
843 3225 922 3284 rnquit
944 3227 1035 3276 linter·
1063 3263 1070 3272 .

78 3301 146 3350 nus,
158 3290 183 3336 et
199 3299 275 3346 quum
288 3287 318 3334 de
332 3283 439 3345 antiquis
453 3282 569 3345 loquoris,
585 3286 655 3354 utere
667 3282 766 3343 entique
777 3285 896 3348 libertate,
911 3301 925 3335 u
939 3291 1034 3349 quovel

78 3365 127 3400 mu
148 3347 169 3398 is
181 3347 384 3410 degeneravimus
394 3357 467 3408 quom
485 3345 517 3394 ob
532 3346 680 3404 eloquentru.
695 3359 709 3391 n

143 3409 238 3460 XVIII.
252 3407 282 3458 Et
297 3409 397 3457 Messala
412 3408 514 3458 :olion
529 3405 675 3468 reconditos,
690 3407 809 3476 IIsterne,
825 3421 908 3458 cousus
921 3409 1034 3486 requiris³

78 3488 133 3524 nec
153 3473 198 3520 sut
213 3471 257 3520 tibi
274 3469 321 3532 ipsi
341 3474 384 3518 sut
397 3469 455 3518 bulo
475 3469 589 3518 Secundo
604 3468 645 3516 vel
660 3469 718 3516 huto
736 3470 802 3530 Apro
818 3469 923 3532 ignotos,
940 3471 1035 3520 etiumsr

77 3535 152 3586 mihi
167 3538 247 3595 pones
264 3531 393 3593 assignatis
409 3531 549 3592 proterendi
569 3531 596 3579 in
608 3531 719 3579 medium
733 3544 789 3590 quae
807 3545 893 3580 omnes
907 3532 1034 3582 sentImus.

77 3597 144 3660 quis
157 3595 224 3644 enirn
240 3595 335 3658 ignoret
350 3595 376 3642 et
390 3595 428 3642 elo
447 3594 556 3642 sentirem
569 3597 594 3642 et
611 3597 702 3642 eeteros
718 3597 783 3641 ortes
799 3592 926 3642 descivisse
945 3594 976 3641 ob
990 3592 1036 3644 illo

76 3664 172 3710 vetere
184 3657 263 3720 glorio
277 3670 327 3706 uon
340 3654 422 3716 inopie
458 3655 579 3718 ominum,
597 3653 640 3704 sed
656 3653 750 3703 desidin
760 3653 897 3714 juventutis
916 3657 942 3706 ot
955 3655 1035 3719 negli-
