2492 4080
206 253 263 306 tus
497 261 520 273 “’
619 252 766 306 rectis.

205 364 337 438 pulsent,
349 381 424 439 pour
436 365 510 423 ainsi
523 364 594 435 due,
607 365 644 422 de
662 381 713 424 son
726 363 868 435 domito,
881 379 924 424 etr
934 370 1077 442 sorteque
1089 372 1158 430 esde

213 450 291 506 reine
310 449 357 505 des
380 451 450 518 arts,
472 447 522 521 qui
541 448 701 520 subjuguuit
714 447 798 504 l'dme
817 451 876 504 tout
894 448 1000 506 entiire
1023 467 1092 510 avec
1108 469 1156 510 son

212 530 467 604 aeaego-erratum,
482 529 597 588 matilde
615 529 805 602 aujomd'hui,
820 530 981 602 sansdclat,
997 549 1064 592 sans
1077 549 1159 607 gran-

214 614 295 685 deur,
304 617 332 671 et
343 615 373 685 ie
387 613 459 670 dirui
473 627 593 685 presque
606 612 754 684 degradec,
766 613 914 686 s'apprend
927 627 1038 674 comme
1051 617 1158 674 leonid-

214 696 280 752 tiers
299 695 340 755 les
361 696 426 769 plus
445 695 508 752 riis.
530 695 602 751 G'est
619 709 691 768 pour
705 695 776 764 cela,
789 694 819 766 ie
837 695 865 754 le
885 711 988 768 pensa,
1004 713 1062 770 que
1090 714 1159 756 noas

215 791 337 834 sommes
349 777 375 833 si
387 776 446 834 loin
458 777 495 836 de
506 775 678 849 l'eloquence
693 776 741 834 des
754 778 869 837 aucuns
881 781 1018 838 orateurs.
1036 781 1087 838 S’il
1101 779 1160 838 tout

215 861 265 918 des
275 861 427 934 exemples,
439 861 469 933 je
482 875 518 929 ne
532 859 640 918 saurais
652 859 748 916 mieux
761 858 831 918 loire
844 876 899 934 quo
914 861 949 920 de
960 861 1031 920 citer
1043 861 1160 920 cherlus

215 945 298 1002 Grecs
313 942 515 1012 Demosthene,
535 943 586 1016 qui
599 941 659 1011 lut,
679 957 793 1001 commc-
809 959 848 1002 on
868 944 932 1014 sait,
952 945 981 1002 le
999 946 1115 1020 duciple
1134 947 1160 1004 le

214 1027 279 1100 plus
291 1026 350 1084 reid
363 1027 397 1082 de
411 1026 522 1096 Platon,
538 1030 565 1082 et
579 1024 706 1095 ciceron,
721 1026 771 1098 qui
786 1025 837 1096 dit,
850 1026 880 1098 ie
893 1027 975 1098 crois,
993 1043 1030 1087 sn
1045 1045 1161 1102 propres

215 1113 330 1178 termes,
344 1122 399 1180 que
412 1108 457 1164 s’il
470 1123 488 1165 a
500 1124 536 1164 eu
550 1106 600 1165 des
610 1106 717 1178 succes,
730 1107 753 1164 il
765 1107 794 1164 le
809 1107 878 1178 doit,
892 1125 951 1168 non
965 1126 1016 1183 psa
1027 1126 1082 1168 aur
1096 1111 1162 1168 rhe-

215 1197 303 1263 teum,
317 1193 463 1248 maisaux
484 1191 669 1264 promenades
691 1191 726 1249 de
750 1191 929 1250 lfaodemie.
951 1193 974 1250 ll
997 1197 1040 1250 est
1060 1210 1161 1254 encore

215 1267 336 1327 d'eutres
349 1283 455 1337 causes,
469 1271 498 1326 et
511 1269 560 1324 des
578 1269 642 1340 plus
660 1285 770 1341 graves,
788 1269 859 1342 qu’il
872 1273 914 1326 est
925 1269 1002 1342 juste
1022 1287 1079 1346 que
1092 1289 1162 1330 vous

215 1352 340 1424 exposiez
360 1350 468 1408 itroire
481 1355 557 1420 tour,
576 1365 625 1407 car
642 1351 693 1422 j'ai
706 1350 810 1423 rempli
823 1366 872 1407 ma
890 1351 987 1422 tiche,
996 1356 1036 1422 et,
1049 1353 1164 1413 suivant

216 1449 283 1489 mon
295 1434 441 1503 habitudo,
452 1435 481 1507 je
495 1449 542 1490 me
554 1434 612 1490 suis
626 1435 682 1490 mis
696 1449 733 1490 en
747 1434 947 1492 contradiction
961 1451 1030 1494 avec
1043 1452 1119 1494 asser
1128 1437 1162 1493 de

216 1533 284 1588 gens
298 1519 358 1590 qui,
373 1518 430 1574 s'ils
450 1517 562 1574 avaient
575 1516 698 1574 entendu
716 1532 747 1574 ce
762 1532 817 1590 que
837 1515 867 1589 je
883 1516 963 1574 aiens
983 1517 1019 1574 de
1038 1518 1110 1586 dire,
1125 1535 1161 1578 ne

215 1601 428 1674 manqueraient
447 1613 497 1672 pas
518 1599 553 1659 dc
573 1597 666 1656 diret
685 1598 749 1656 leur
768 1603 844 1669 tour,
865 1600 949 1672 qu'en
968 1599 1113 1658 declarant
1134 1602 1163 1658 la

216 1685 323 1742 sciense
343 1685 382 1742 du
396 1686 467 1741 droit
481 1687 508 1740 et
520 1682 550 1740 lu
566 1682 741 1755 philosophie
758 1681 929 1740 necessaires
942 1679 961 1740 ia
974 1682 1121 1753 l’orateur,
1132 1683 1163 1756 je

216 1783 253 1824 ne
267 1768 322 1825 sais
334 1784 388 1841 que
399 1768 478 1824 loner
488 1767 530 1824 les
541 1764 659 1822 ludaises
672 1765 739 1822 dont
750 1765 780 1836 je
793 1765 945 1837 mloccuue.
963 1784 977 1818 n

251 1853 361 1908 lllllllll.
376 1851 465 1906 «Bion
479 1849 538 1906 loin
551 1848 614 1904 d'en
627 1848 706 1904 avoir
720 1847 782 1916 lini,
792 1845 924 1920 repondit
931 1849 1084 1917 Maternus,
1093 1865 1165 1906 vous

217 1948 264 1988 me
276 1929 443 2004 paraisseca
457 1931 540 2003 peine
553 1931 633 1987 avoir
645 1929 807 1988 commencd
820 1936 847 1986 et
863 1929 970 1987 n'uvoir
982 1931 1095 1988 montrd
1108 1948 1165 2005 que

218 2015 353 2088 quelques
367 2014 447 2071 truite
464 2016 492 2068 et
510 2012 645 2086 quelques
659 2012 758 2086 lignes.
774 2013 816 2078 En
830 2011 906 2083 silet,
924 2029 994 2070 vous
1010 2030 1079 2072 avez
1092 2014 1136 2072 dit
1149 2015 1167 2072 i

217 2097 323 2171 quelles
337 2112 449 2154 sources
457 2096 499 2152 les
512 2095 626 2152 anciens
635 2099 762 2156 oraterus
770 2095 909 2168 puisaient
920 2095 983 2153 leur
993 2096 1084 2167 lonce3
1095 2114 1167 2156 vous

128 2251 133 2258 ¹
217 2197 285 2239 avez
300 2179 412 2238 montrd
423 2178 535 2236 l'ablme
549 2178 599 2252 qui
616 2177 714 2251 separe
726 2182 807 2236 notre
820 2194 931 2252 paresse
944 2185 973 2236 et
985 2183 1066 2236 notre
1084 2181 1170 2253 mno-

217 2280 303 2320 rauce
312 2264 418 2320 deleur
431 2262 491 2320 r'ele
504 2277 577 2335 pour
587 2259 691 2320 l'dtude
706 2264 733 2316 et
747 2260 781 2319 de
792 2261 855 2318 leur
867 2260 1083 2336 savoirlecond3
1093 2281 1169 2322 vous

217 2363 303 2404 venen
316 2346 488 2421 d’expliquer
500 2361 532 2402 oe
545 2345 631 2418 qu'ils
645 2345 781 2413 savaimt,
791 2344 961 2418 d'expliquer
974 2361 1007 2402 ce
1022 2362 1080 2419 que
1092 2364 1170 2406 nous
1230 2421 1231 2426 ἵ

218 2492 285 2542 velut
299 2492 423 2554 expulsam
436 2502 511 2554 regno
523 2502 577 2551 suo,
588 2490 618 2537 ut
629 2499 685 2548 quoe
698 2487 758 2537 olim
772 2486 883 2537 omnium
894 2486 985 2537 artium
996 2488 1101 2541 domina
1113 2496 1173 2555 pul·
1230 2481 1231 2530 l

219 2553 342 2603 cherrimo
355 2553 472 2601 comitatu
487 2555 585 2612 pectora
598 2550 723 2613 implebat,
739 2563 807 2598 nuuc
823 2549 965 2599 circumcisa
985 2555 1009 2600 et
1027 2560 1172 2620 amputata,

219 2617 272 2665 sinc
286 2618 412 2677 apparatu,
423 2614 476 2662 sine
490 2615 592 2682 honore,
604 2623 674 2672 paene
685 2611 788 2660 dixerim
800 2611 853 2660 sine
861 2612 1020 2674 ingenuitate,
1033 2616 1106 2674 quasi
1116 2633 1172 2668 uua
1229 2665 1230 2680 ἶ

221 2691 249 2726 er
263 2675 433 2725 sordidissimis
446 2674 554 2724 artificiis
565 2674 684 2721 discatur·
696 2673 760 2733 Ergo
772 2673 835 2721 hanc
846 2673 952 2734 primaru
970 2678 996 2723 et
1012 2677 1171 2738 praecipuam

221 2750 320 2787 causam
334 2737 446 2801 arbitror,
458 2750 503 2786 cur
518 2735 545 2784 in
557 2737 654 2783 tantum
670 2734 701 2782 ab
714 2735 854 2795 eloquentia
867 2736 1026 2797 antiquorum
1039 2743 1174 2790 oratorum

221 2799 403 2848 recesserimus.
417 2798 437 2846 si
455 2801 526 2846 testes
541 2797 719 2858 desiderantur,
740 2809 801 2856 quos
818 2795 924 2858 potiorcs
944 2798 1077 2847 nominabo
1091 2815 1173 2862 quam

222 2860 287 2923 apud
306 2861 404 2909 Graecos
421 2859 622 2920 Demosthenem,
641 2870 716 2919 quem
738 2857 944 2907 studiosissimum
966 2860 1075 2910 Platonis
1095 2866 1174 2913 audi·

221 2928 298 2972 torem
314 2920 387 2970 tuine
401 2921 526 2970 memoriae
539 2919 662 2981 proditum
676 2923 721 2968 est.
735 2924 760 2968 et
776 2919 862 2969 Cicero
873 2919 920 2982 tris,
932 2923 961 2969 ut
975 2921 1073 2987 opinor,
1083 2927 1175 2976 verbis

221 2985 305 3049 reteri,
322 2982 425 3046 quicquid
439 2982 598 3044 ineloquentia
610 2981 711 3043 eriserit,
724 2982 749 3030 te
761 2994 783 3030 se
795 2995 840 3030 non
854 2982 976 3046 rictorem,
989 2984 1028 3032 sed
1041 2985 1176 3039 leoduni·
1228 3005 1229 3036 l

211 3049 300 3110 'spoliis
313 3051 458 3096 consecutum.
476 3045 540 3094 Sunt
557 3043 611 3092 aliae
625 3055 713 3105 causae,
727 3055 822 3105 magne
839 3047 863 3092 ct
881 3057 974 3106 graves,
989 3057 1051 3106 quas
1067 3062 1083 3097 ι
1098 3051 1177 3100 vobis

221 3109 309 3171 aperiri
321 3120 419 3170 aequum
434 3109 478 3167 ost,
493 3105 610 3167 quoniam
623 3103 725 3168 quidem
736 3117 781 3167 ego
792 3104 845 3165 jam
856 3117 940 3154 meum
953 3119 1046 3156 munus
1059 3113 1178 3176 expleri,
1227 3127 1228 3130 ¹

220 3175 245 3219 et
257 3171 321 3232 qnod
334 3169 395 3217 milri
409 3168 435 3216 iu
450 3167 624 3217 cousuetudine
639 3169 684 3228 est,
698 3167 754 3215 satis
766 3168 857 3215 multos
869 3166 974 3229 odendi3
987 3183 1050 3230 quos
1068 3172 1089 3220 si
1107 3174 1178 3224 torta

219 3233 273 3282 hoec
285 3231 418 3292 audierint,
432 3234 526 3278 certum
537 3229 618 3277 habco
629 3227 737 3276 dicturos
750 3242 799 3289 me,
812 3229 872 3278 dum
883 3227 948 3290 juris
961 3233 988 3277 et
1001 3231 1179 3298 philosophiae

220 3294 346 3343 scientium
365 3297 482 3354 tanquam
497 3291 588 3340 oratori
605 3289 765 3338 necessariam
784 3291 868 3355 uado,
889 3289 988 3352 ineptiis
1008 3293 1073 3343 meis
1100 3300 1180 3360 plau·

219 3369 314 3404 sisse.»

251 3415 364 3467 lllllllll.
376 3414 407 3463 Et
420 3415 554 3476 Maternus,
569 3429 583 3460 u
595 3411 656 3463 Mihi
669 3411 780 3474 quidem,
793 3411 884 3476 iuquit,
897 3418 1062 3476 suscepturus
1076 3421 1106 3468 te
1118 3435 1180 3471 mu.

219 3495 266 3530 nus
280 3481 339 3528 mleo
360 3476 482 3538 peregisse
503 3476 612 3524 nondum
627 3474 726 3537 videris,
746 3478 775 3522 ut
794 3475 920 3524 inchoasse
940 3481 1038 3526 tantum
1062 3485 1090 3528 et
1105 3485 1182 3534 velut

218 3541 322 3604 vestigia
336 3553 363 3588 uc
378 3539 524 3587 lineamenta
541 3537 653 3598 qnaedam
668 3536 799 3585 ostendisse
814 3537 928 3586 videaris.
949 3553 1006 3587 nom
1022 3540 1124 3601 qulbus
1141 3547 1182 3594 in·

218 3607 279 3656 strui
291 3608 384 3654 veteres
401 3604 510 3649 oratores
529 3599 593 3647 soliti
612 3601 661 3648 sint
679 3597 768 3661 dixisti,
787 3599 997 3663 dill'croutiamque
1017 3607 1119 3656 nostrus
1136 3609 1183 3658 «le.

219 3669 286 3718 sidiae
301 3671 326 3717 et
340 3663 471 3714 inscientiae
483 3661 597 3712 adversus
608 3660 729 3712 acerrima
745 3663 771 3710 et
783 3661 968 3712 foecundissimo
981 3676 1071 3730 eorum
1089 3671 1182 3720 studia
