2442 4090
230 321 265 373 ’11
631 313 775 367 ildiris.

231 433 285 490 rite
297 433 335 488 du
348 429 422 504 perti
435 430 566 486 ennemit
580 427 708 484 Vitellius
728 443 746 484 a
758 427 893 500 quelques
910 428 1065 499 provinces
1085 435 1117 486 et
1135 445 1182 486 unc

231 515 329 572 ambre
338 509 473 582 d'ermd03
484 512 556 568 niais
567 511 594 566 le
609 510 686 566 senet
700 513 742 566 est
754 525 823 567 arec
831 526 911 580 nous,
922 513 948 566 et
958 510 1034 567 voilia
1044 514 1181 586 pourquoi

231 612 303 652 nous
316 611 446 662 sommes‚
463 610 546 662 nous,
560 594 589 650 11
603 592 777 665 republiqiie,
793 592 844 658 lui,
859 591 992 648 l’ennemi
1008 593 1044 649 de
1059 595 1093 650 la
1106 596 1180 668 re'pu·

231 678 335 750 blique.
350 677 392 734 Eli
411 677 494 750 quoi!
512 689 693 748 pensor-vous
707 689 762 746 que
782 673 811 729 11
829 673 944 747 majesld
967 675 1003 729 de
1023 679 1103 732 cette
1126 677 1181 734 ville

231 761 350 816 consiste
370 759 439 816 dens
457 775 497 814 un
518 773 596 813 amas
616 756 648 812 de
671 757 778 828 pierres
795 760 823 812 et
841 757 874 812 de
892 757 1044 818 iniiisons‘.l
1061 761 1119 816 Ces
1139 777 1180 816 ou·
1206 825 1207 828 Ἴ

230 855 329 914 aroges
342 846 434 900 muets
447 843 475 897 et
489 839 628 896 inanimes
647 853 675 894 se
695 838 848 895 delinisent
861 843 889 895 et
903 855 932 895 se
946 839 1088 913 reparent
1103 843 1180 900 indii·
1206 895 1207 914 ἶ

230 923 404 981 leremnient.
419 921 566 978 L'tlernitd
580 919 614 976 de
626 922 725 989 Rome,
734 921 762 976 la
776 920 840 992 paix
852 919 900 976 des
912 922 1036 992 notioris,
1053 941 1130 981 mori
1144 941 1180 982 si-
1206 927 1207 982 ἒ

229 1006 314 1065 lutet
334 1007 362 1064 11
376 1005 464 1075 vdtre,
482 1007 544 1061 sont
562 1003 685 1075 gaianus
697 1017 750 1074 par
762 1003 789 1059 le
807 1003 886 1060 senat
907 1005 966 1076 qui,
986 1004 1079 1062 londd
1095 1009 1179 1065 soleri-
1206 997 1207 1020 ¹

229 1090 442 1162 nellemeotpor
451 1088 478 1144 11
486 1087 553 1160 pere
562 1090 589 1140 et
598 1086 624 1141 11
633 1084 779 1142 londatenr
790 1086 823 1142 de
831 1089 930 1157 Rome,
941 1088 1006 1144 s‘cst
1017 1091 1177 1161 1111111111,

228 1171 326 1243 depuis
345 1172 386 1228 les
406 1172 463 1228 rois
477 1169 627 1242 jusqu’uuii
647 1169 766 1242 princes,
782 1171 908 1242 toujouis
922 1170 1144 1231 indestructible
1156 1181 1177 1230 ot

229 1255 383 1326 immortel,
399 1257 427 1311 et
441 1269 496 1327 que
509 1267 579 1310 nous
592 1253 696 1310 devons
710 1256 889 1310 transmettre
902 1252 980 1310 ‘enos
992 1255 1176 1314 descendants

229 1335 268 1394 tel
280 1353 335 1410 que
352 1353 425 1394 nous
436 1335 545 1392 l'ovons
556 1351 623 1406 recu
641 1335 675 1392 do
688 1351 740 1393 nos
757 1336 893 1394 11111111.
907 1339 960 1394 Car
974 1335 1009 1394 de
1027 1354 1114 1412 vous,
1129 1343 1176 1399 lio-

228 1424 330 1493 mains,
345 1425 450 1480 sortem
461 1421 503 1478 les
514 1419 668 1491 seualours,
679 1425 706 1478 et
720 1421 768 1478 des
780 1422 923 1479 seneteurs
937 1423 977 1479 les
990 1427 1144 1496 princes.»

262 1505 379 1562 LXXXV.
395 1504 432 1560 Ge
445 1502 580 1574 discours,
590 1504 638 1576 qui
652 1504 765 1560 celineit
778 1509 806 1560 et
819 1505 1022 1576 reprimandcit
1031 1523 1070 1564 en
1087 1511 1175 1568 11111111

192 1611 199 1627 1
226 1595 317 1662 temps
326 1589 367 1645 les
380 1588 494 1658 soldets,
505 1592 533 1644 et
546 1584 575 1644 11
587 1587 704 1644 11111111
717 1587 857 1661 temperie
870 1589 1001 1659 d'Otbon,
1011 1593 1065 1665 qui
1077 1609 1116 1650 ne
1128 1612 1174 1667 pii·

226 1674 268 1729 nit
282 1687 338 1746 que
351 1672 421 1729 deuii
433 1670 593 1744 coupables,
605 1671 1047 1746 11111111111111111111111111,
1061 1681 1093 1732 el
1104 1678 1173 1750 apoi-

89 1734 97 1752 ⁸
189 1764 191 1770 ⁴
227 1754 319 1810 serent
332 1769 404 1825 pour
417 1754 544 1809 l'instant
558 1753 605 1808 des
617 1752 745 1810 hommes
757 1758 852 1810 contre
867 1755 987 1828 lesquels
1002 1765 1039 1814 'oii
1052 1775 1095 1816 ne
1109 1779 1172 1835 pou·

227 1838 285 1892 veit
298 1834 442 1907 employer
449 1833 479 1892 11
492 1835 657 1891 contrainte.
668 1838 704 1892 Le
714 1837 804 1894 calme
819 1840 974 1911 rependent
988 1841 1089 1899 n'dtait
1099 1844 1174 1918 point

226 1919 325 1975 retabli
342 1917 413 1973 dens
430 1919 458 1974 11
472 1916 558 1975 ville:
579 1923 691 1992 pertout
704 1922 732 1978 le
752 1922 829 1979 broit
842 1923 890 1979 des
905 1939 997 1982 ermes
1010 1930 1038 1982 el
1059 1927 1172 2004 l'iinage

226 1999 260 2056 de
272 1997 301 2056 11
314 2013 425 2072 guerre.
434 2002 484 2057 Les
494 2001 595 2057 soldets
609 2002 741 2058 n'etaiont
756 2005 819 2076 plus
833 2007 974 2079 eltroupe's
988 2023 1024 2063 en
1039 2013 1171 2084 tumulte‚

225 2082 295 2138 ineis
307 2081 342 2140 ils
354 2099 383 2140 se
393 2083 649 2159 deguisaieinpour
661 2085 791 2159 penetrer
803 2087 951 2146 isoldment
965 2090 1036 2148 dans
1049 2093 1093 2150 les
1102 2099 1171 2153 mai·

224 2181 297 2235 sons,
313 2170 341 2223 et
354 2166 557 2239 s’enquereient
577 2169 612 2225 de
627 2173 691 2226 tous
707 2185 775 2226 ceux
789 2187 843 2244 que
862 2173 924 2228 leur
938 2173 1098 2248 naisscnce,
1113 2179 1170 2237 leur

224 2247 334 2305 fortune
348 2265 385 2304 ou
404 2249 539 2324 quelques
560 2251 736 2307 distinctions
756 2251 906 2311 dolatentes
929 2259 1097 2328 exposaient
1120 2280 1170 2321 aui

223 2347 368 2405 souppous.
388 2333 432 2390 on
445 2334 508 2390 crut
521 2333 614 2390 meme
630 2349 684 2406 que
699 2333 747 2392 des
762 2336 865 2393 soldats
878 2337 912 2393 de
926 2338 1055 2398 Vitellius
1066 2341 1171 2402 etaient

164 2420 169 2428 ·
224 2429 312 2473 renus
326 2415 398 2474 deus
411 2415 441 2473 11
452 2414 531 2487 ville,
544 2433 616 2490 pour
630 2417 739 2474 etudiei·
752 2418 793 2474 les
807 2420 981 2494 dispositione
995 2423 1044 2481 des
1058 2429 1168 2502 esprits.

221 2597 308 2646 »dore
322 2597 348 2644 et
364 2592 443 2657 gloria
457 2593 542 2644 sordes
554 2597 580 2642 11
593 2595 767 2646 obscuritatem
781 2597 970 2650 Vitellianarum
984 2603 1096 2665 partium
1108 2624 1170 2672 prae.

220 2671 236 2706 ii
248 2653 525 2718 stringimusinationes
533 2655 628 2716 aliquas
636 2657 763 2720 occuparit
771 2659 895 2726 Vitellius,
903 2661 1037 2736 imaginem
1045 2674 1170 2732 quandam

221 2718 366 2768 »exercitus
379 2716 455 2766 babet
469 2731 476 2766 i
492 2719 589 2766 11111111
601 2718 728 2769 nobiscum
744 2725 790 2770 est.
805 2723 839 2772 sic
855 2723 927 2774 litut
939 2723 999 2776 liinc
1015 2733 1157 2793 respublica

220 2795 235 2826 r
248 2779 306 2828 inde
318 2779 400 2827 hostes
417 2777 559 2840 reipublice
572 2780 731 2831 constiterint.
745 2784 822 2846 quid?
836 2799 878 2836 ros
895 2788 1090 2850 pulcherrimam
1108 2774 1170 2848 liin}

220 2855 235 2888 1
248 2841 340 2890 Urbem
353 2839 467 2889 domibus
474 2844 505 2912 'et
517 2840 587 2890 tectis
601 2844 626 2892 et
638 2847 755 2906 congestu
769 2845 878 2908 lapidum
892 2853 955 2900 stare
968 2853 1088 2904 creditis?
1101 2866 1169 2910 muta

220 2901 295 2951 sista
311 2904 336 2951 et
348 2901 458 2952 inanima
473 2902 615 2953 intercidere
629 2918 658 2954 ac
670 2907 778 2968 reparari
795 2910 932 2970 promiscua
949 2917 1005 2962 sunt
1022 2929 1029 2965 :
1045 2921 1170 2972 aeternitffi

220 2981 235 3012 n
248 2975 331 3014 rerum
345 2967 371 3013 et
383 2978 433 3026 pair
446 2963 565 3028 gentium,
580 2967 604 3015 et
619 2979 676 3017 mea
689 2980 745 3017 curn
759 2975 839 3020 vestra
854 2974 929 3036 salus,
943 2973 1120 3032 incolumitate
1134 3000 1170 3034 se-

220 3030 320 3076 snatus
333 3025 456 3075 1111111111.
472 3027 539 3076 liunc
553 3028 677 3089 cumicoto
697 3044 711 3080 1
728 3035 829 3093 parente
850 3037 875 3084 et
892 3035 1020 3088 conditore
1035 3040 1112 3092 Urbis
1128 3061 1170 3096 uo-

220 3093 302 3139 astrae
316 3089 454 3138 institutum
469 3093 522 3138 111
538 3090 636 3164 regibus
653 3094 772 3152 usquead
787 3094 913 3159 Principes
926 3100 1070 3151 continuum
1086 3107 1169 3159 etim.

219 3167 234 3197 1
246 3151 373 3200 mortalem
388 3150 449 3200 sicut
460 3163 475 3200 1
486 3150 620 3224 majonbus
634 3153 781 3218 accepimus,
793 3156 827 3206 sic
841 3159 944 3232 posteris
958 3163 1096 3217 tradamus.
1111 3185 1167 3221 nam

219 3213 275 3260 aut
286 3225 314 3261 ex
328 3212 395 3260 robis
409 3217 543 3277 senatores,
553 3217 589 3262 ita
603 3228 632 3264 ex
646 3217 797 3267 senatoribus
810 3219 892 3269 Priuci
924 3229 1090 3278 enascuntur.
1105 3247 1120 3279 n

251 3272 514 3348 111111111111111111
528 3275 559 3324 11
574 3277 772 3352 perstringendos
785 3281 883 3332 mulceu
903 3297 977 3346 osque
990 3289 1100 3342 rnilitum
1116 3277 1166 3345 111·

220 3347 273 3383 aiios
282 3337 307 3384 et
315 3339 449 3384 scientius
457 3335 545 3386 modus
557 3337 720 3400 (nequeenim
730 3340 929 3408 inpluresquam
941 3347 968 3397 in
980 3348 1042 3400 duos
1055 3355 1166 3407 animad.

218 3395 280 3446 verti
292 3395 408 3461 iusserit)
426 3401 496 3458 grate
512 3404 623 3472 accepto,
638 3403 814 3512 compositique
828 3408 859 3455 ad
873 3421 980 3470 praesens
997 3413 1040 3474 qui
1056 3421 1164 3470 coerceri

155 3509 161 3518 ,
218 3471 269 3506 non
286 3460 405 3520 poteraut.
422 3462 567 3530 nontamen
581 3475 650 3522 quies
665 3463 701 3514 Ur
716 3464 725 3513 i
740 3465 847 3515 redierat
862 3483 869 3517 i
885 3471 1002 3533 strepitus
1019 3475 1129 3530 telorum
1141 3487 1164 3531 et

218 3519 292 3568 iacies
305 3519 374 3582 belli,
388 3523 413 3568 et
425 3519 555 3582 militibus,
569 3525 598 3570 ut
611 3523 675 3571 nihil
688 3525 715 3572 iri
728 3539 858 3578 commune
872 3532 1033 3600 turbantibus,
1047 3537 1083 3589 111
1097 3556 1163 3604 spir.

217 3582 250 3632 sis
263 3594 307 3643 per
317 3582 402 3630 domos
416 3580 510 3652 occulto
524 3582 617 3654 liabitu,
633 3589 657 3633 et
671 3587 779 3648 maligno
793 3602 852 3641 cura
865 3591 891 3640 in
905 3606 990 3644 ornnes
1000 3611 1062 3660 quos
1075 3607 1164 3654 nobili-

217 3647 255 3694 tus
266 3645 310 3692 aut
323 3655 381 3705 opes
393 3647 434 3692 aut
444 3643 528 3703 aliqua
538 3645 639 3707 insignis
653 3647 772 3696 claritudo
784 3654 925 3703 rumoribus
937 3657 1071 3716 objecerat.
1085 3665 1164 3718 vitel.

217 3705 295 3756 liuuos
307 3719 403 3768 quoque
416 3704 505 3756 milites
521 3705 614 3757 venisse
628 3707 655 3756 iu
668 3709 760 3760 Urbem
773 3712 805 3762 ad
820 3715 901 3766 studia
915 3718 1025 3779 pestium
1038 3731 1164 3780 noscenda
