2492 4080
203 183 251 238 171
597 185 748 236 Tslill'lill.

236 302 302 356 xlv.
317 301 457 358 Maternus
476 299 593 356 finissait
613 298 725 372 ipsine
738 315 805 356 svec
824 299 940 356 l'accont
954 301 989 357 de
1010 301 1161 357 l'entlron·

202 384 302 439 siasme
316 386 344 438 et
362 383 397 438 de
411 380 611 453 l'inspiration,
624 397 680 452 que
692 381 843 453 Vipstanus
857 383 972 439 Messala
986 386 1071 440 entra
1085 383 1161 440 dans

202 465 426 538 l'appartement,
439 467 466 520 et
479 464 581 520 devina
595 463 612 520 1
625 463 782 520 l’attention
795 463 843 520 des
859 466 1000 522 assistants
1015 465 1089 540 qu’il
1103 467 1160 524 s’e-

203 548 298 621 gissait
310 551 392 604 entre
406 563 461 603 eux
482 545 566 603 d'une
586 546 738 603 discussion
758 546 899 604 strieuse:
918 566 933 601 (1
946 549 1064 606 t'arrive
1085 550 1159 619 mal,

202 631 291 700 dit-il,
301 635 329 687 et
341 631 370 704 je
384 645 453 686 vous
464 629 574 686 trouble
585 628 724 703 peut-etse
737 642 775 685 au
786 633 912 686 moment
924 628 961 686 ob
970 645 1042 686 vous
1053 633 1160 688 traitez

202 728 258 769 unc
278 713 377 772 1111111
394 713 516 784 secrdtc',
532 710 570 768 oia
583 724 653 768 vous
666 711 801 785 prtparec
815 710 935 784 quelque
948 713 1074 770 delesse.
1092 733 1159 767 s-

205 797 275 853 aDu
288 799 362 867 tout,'
374 797 415 853 dit
429 795 583 866 secundus,
595 794 624 866 J'e
643 795 773 851 voudrais
787 793 881 851 meme
895 809 950 867 que
963 813 1035 853 vous
1051 796 1159 853 iussies

203 894 279 938 renu
291 879 355 953 plus
368 880 425 953 tot3
441 894 511 937 rous
523 879 619 936 aurien
633 877 691 951 pris
704 877 801 950 plaisir
815 877 832 934 1
846 875 992 951 l'dlegante
1004 893 1160 936 couversa-

203 964 264 1020 tion
277 963 311 1020 de
324 967 404 1020 notre
418 964 478 1020 ami
492 965 566 1036 Aper
579 962 628 1034 qui
647 959 785 1016 eshortait
798 961 939 1017 Maternus
952 961 969 1016 1
984 961 1159 1036 s'appliquer

203 1047 240 1104 de
251 1050 314 1104 tout
325 1061 376 1104 sou
385 1046 515 1119 esprit‘et
529 1047 565 1102 de
578 1049 642 1100 tous
654 1059 697 1100 ses
710 1045 784 1101 soins
798 1041 935 1115 iplaider
947 1045 995 1101 des
1009 1059 1158 1102 causesau

203 1127 334 1185 barreau.
350 1128 502 1198 Maternus,
517 1128 551 1184 de
565 1143 616 1184 son
634 1125 705 1196 cote,
719 1141 739 1182 a
752 1124 792 1181 dit
811 1124 982 1199 d’egreables
1003 1126 1105 1184 choses
1120 1145 1157 1185 11

205 1210 304 1266 iarcur
316 1211 365 1268 des
376 1217 451 1281 vers,
466 1213 495 1267 'et
508 1210 530 1266 il
542 1226 561 1266 a
573 1208 693 1266 delenda
707 1208 748 1264 les
766 1207 871 1281 poetes,
884 1225 996 1266 comme
1015 1209 1038 1264 il
1052 1227 1158 1268 conve·

203 1293 274 1370 nait,
290 1309 358 1351 avec
370 1309 427 1350 une
439 1308 524 1350 serve
537 1293 587 1366 qui
600 1291 775 1366 apparteasit
787 1291 850 1363 plus
865 1290 882 1346 1
895 1291 1025 1365 unpoee
1039 1292 1108 1366 qu'd
1116 1309 1156 1352 un

200 1379 353 1433 orateur.»
368 1404 403 1420 -
417 1375 546 1447 «certes,
555 1375 598 1432 dit
611 1375 737 1444 Messala,
749 1389 790 1430 un
802 1375 841 1430 tel
855 1376 996 1430 eatretien
1009 1377 1107 1433 aurait
1120 1392 1156 1433 eu

204 1473 276 1532 pour
288 1459 406 1515 moiun
424 1457 539 1515 charum
557 1457 654 1527 infini3
676 1459 708 1512 11.
715 1455 747 1528 je
763 1455 819 1512 suis
833 1455 961 1512 heureux
973 1457 1008 1514 de
1023 1459 1087 1514 voir
1101 1474 1157 1532 que

204 1540 254 1598 cles
267 1541 403 1599 hommes'
413 1541 468 1598 tels
485 1556 540 1615 que
560 1556 644 1610 cous,¹
658 1539 706 1596 des
721 1541 848 1596 crateuas
861 1539 899 1595 du
919 1541 1042 1616 premier
1055 1541 1155 1614 ordre,

204 1640 274 1682 vous
284 1625 436 1684 n'esercies
447 1622 930 1699 passculementvotreespritdans
941 1623 1106 1682 lessffaires
1117 1626 1156 1682 du

205 1705 298 1776 iorum
312 1715 341 1766 et
354 1709 423 1766 dans
443 1708 484 1765 les
504 1707 601 1764 eludes
619 1706 773 1776 oratoires,
791 1707 864 1762 mais
882 1723 939 1779 que
950 1723 1021 1764 rous
1033 1709 1156 1782 joignies

204 1792 279 1848 aussi
293 1791 311 1848 1
325 1807 370 1848 ces
383 1793 458 1849 soins
472 1791 513 1847 les
533 1790 698 1848 discussions
711 1790 760 1862 qui
772 1793 902 1846 exercent
915 1790 1117 1864 l’intalligenoe
1126 1797 1155 1848 et

205 1874 255 1946 qui
268 1871 436 1944 charment,'
444 1887 554 1930 comme
568 1872 627 1927 l’un
640 1871 687 1927 des
702 1871 812 1943 plaisirs
821 1871 867 1927 ‘les
879 1872 942 1944 plus
956 1873 1103 1944 agritables
1120 1875 1154 1931 dc

205 1952 234 2011 la
248 1955 357 2011 culture
378 1956 427 2012 des
439 1955 546 2023 lettres,
563 1966 645 2023 rous,
659 1955 708 2026 qui
728 1953 862 2023 discutea,
876 1958 905 2010 et
923 1959 1002 2010 ceux·
1014 1957 1064 2028 qui
1083 1973 1154 2014 rous

205 2036 367 2093 entendent.
381 2037 402 2094 ll
417 2036 478 2093 taut
491 2037 549 2092 dire
562 2037 647 2104 aussi,
662 2035 815 2106 Secundus,
830 2038 915 2110 qu'on
927 2053 998 2094 rous
1008 2053 1154 2111 approuve

205 2120 320 2191 d'asoir,
335 2135 371 2177 en
386 2119 654 2178 1111111111111111
669 2120 758 2176 Julius
776 2118 924 2190 Asiaticus,
940 2121 1032 2179 donne
1045 2118 1154 2196 l’espoir

205 2219 261 2279 que
273 2217 342 2262 vous
351 2203 435 2262 terias
446 2219 546 2262 encore
558 2204 683 2260 d'autres
694 2204 780 2261 livres
792 2205 831 2261 du
844 2205 936 2261 meme
947 2221 1045 2276 genre,
1055 2211 1154 2266 autaut

206 2376 275 2425 mulo
286 2388 336 2425 non
349 2377 451 2426 mestus
464 2377 490 2424 et
503 2377 580 2439 atrox,
594 2373 636 2424 sed
646 2372 731 2424 hilaris
745 2377 769 2424 et
782 2376 925 2438 coronatus3
938 2377 964 2424 et
977 2389 1022 2437 pro
1032 2380 1154 2430 memoria

207 2437 257 2486 mei
270 2452 316 2487 nec
325 2439 436 2486 consulat
447 2436 577 2498 quisquam
588 2451 633 2485 nec
646 2440 723 2498 roget.
733 2451 747 2482 o

237 2497 304 2548 XlV.
323 2497 553 2550 Vixdumtinierat
572 2499 705 2560 Maternus,
727 2495 863 2546 concitatus
883 2502 908 2547 et
925 2501 994 2548 velut
1015 2499 1152 2568 instinctus,

208 2569 285 2622 mlum
299 2559 431 2622 Vipstanus
442 2559 545 2611 Messala
556 2559 696 2608 cubiculum
711 2555 765 2620 ejus
777 2559 898 2621 ingressus
911 2564 957 2624 est,
970 2561 1152 2628 suspicatusque

209 2635 238 2670 ex
252 2621 304 2683 ipsa
322 2622 456 2672 intentione
474 2621 627 2682 singulorum
647 2621 758 2670 altiorem
779 2621 842 2670 inter
863 2635 905 2670 eos
930 2636 981 2672 esse
1004 2637 1150 2692 sermonem,

211 2685 302 2734 ultum
333 2698 405 2732 arum
418 2682 585 2746 tempestivus,
600 2683 689 2746 inquit,
707 2683 827 2732 interveni
846 2686 966 2732 secretum
985 2686 1151 2739 consiliumet

209 2757 290 2794 causae
304 2699 408 2806 alicujus
420 2744 603 2794 meditationem
624 2744 801 2794 tractantibus?
815 2760 829 2791 a
842 2768 873 2784 -
885 2761 899 2792 (1
912 2745 1024 2808 Minime,
1039 2749 1149 2813 minime,

209 2805 289 2866 lnquit
308 2805 448 2868 Secundus3
464 2810 536 2879 atque
550 2807 611 2855 adeo
630 2807 718 2856 vellem
736 2805 858 2854 maturius
874 2806 1052 2857 intervenisses.
1074 2811 1150 2861 dolec-

210 2869 285 2916 tasset
294 2868 361 2916 enim
377 2871 401 2915 tc
410 2871 436 2916 et
446 2869 508 2929 Apri
519 2868 595 2916 nostri
604 2868 800 2917 accuratissimus
809 2882 898 2930 sermo,
911 2883 988 2929 quum
1000 2871 1149 2940 Maternum,

209 2933 238 2979 ut
250 2942 323 2980 omne
340 2928 466 2993 ingenium
477 2943 505 2978 ac
520 2929 627 2978 studium
640 2943 711 2979 suum
726 2930 755 2977 ad
773 2943 857 2978 causas
871 2931 976 2992 agendas
990 2937 1148 3001 converteret,

209 2992 347 3041 exhortatus
362 2995 407 3055 est,
424 2995 448 3041 11
462 2991 568 3040 Materni
586 3005 631 3056 pro
648 2990 796 3042 carminibus
816 2992 867 3040 suis
883 2995 950 3055 laeta,
974 2996 1051 3056 utque
1068 3001 1148 3056 poetas

209 3053 307 3104 delendi
318 3054 431 3118 decebat,
444 3053 570 3103 audentior
582 3057 607 3103 et
619 3057 744 3115 poetarum
756 3067 828 3114 quam
843 3057 969 3102 oratorum
983 3055 1085 3104 similior
1099 3073 1150 3108 orc-

208 3117 252 3165 tio.
262 3133 276 3164 a
291 3143 321 3154 -
337 3132 350 3164 (1
364 3117 405 3166 111
420 3129 488 3179 sero,
509 3115 597 3180 inquit,
611 3121 635 3165 et
651 3128 731 3164 sermo
744 3115 797 3176 ipse
812 3115 908 3164 infinita
922 3118 1045 3180 voluptate
1059 3120 1149 3170 alleris-

208 3182 255 3242 set,
268 3181 342 3240 atque
365 3177 391 3226 id
413 3177 495 3240 ipsum
517 3177 629 3240 delectat,
653 3178 718 3240 quod
733 3187 783 3238 ros,
798 3176 844 3225 viri
864 3177 950 3240 optimi
964 3183 988 3228 11
1014 3183 1147 3242 temporum

208 3243 347 3290 nostrorum
361 3243 478 3302 oratores,
494 3253 545 3288 non
560 3238 696 3290 forensibus
712 3241 807 3288 tantum
825 3239 927 3312 negotiis
941 3245 965 3289 et
978 3241 1147 3293 declamatorio

208 3301 287 3350 studio
298 3299 398 3362 ingenia
409 3304 489 3350 vestra
504 3302 628 3364 exercetis,
644 3301 686 3350 sed
699 3299 818 3362 eiusmodi
833 3305 905 3350 etrum
922 3301 1098 3364 disputationes
1112 3321 1148 3355 as·-

207 3363 313 3426 sumitis,
330 3375 385 3424 quae
405 3365 429 3411 et
449 3361 575 3424 ingenium
594 3365 663 3412 alunt
679 3365 703 3410 et
721 3361 864 3412 emditionis
880 3376 907 3412 oc
921 3363 1048 3412 literarum
1061 3365 1148 3428 jucun-

207 3425 334 3475 dissimum
346 3424 552 3472 oblectamentum
571 3439 648 3486 quum
661 3423 739 3486 robis,
756 3424 798 3486 qui
817 3425 860 3474 illa
880 3425 1015 3488 disputatis,
1036 3429 1146 3494 atterunt,

208 3492 262 3538 tum
276 3487 349 3537 etium
363 3485 401 3548 iis,
416 3486 447 3534 ad
468 3498 572 3546 quorum
596 3499 667 3535 aures
689 3485 854 3548 pervenerint.
876 3487 960 3548 ltaque
980 3489 1079 3538 hercule
1099 3505 1146 3542 non

207 3551 291 3601 minus
304 3549 404 3612 probari
415 3547 485 3596 video
501 3548 527 3596 in
543 3552 576 3610 te,
590 3548 710 3611 Secundo,
725 3549 791 3610 quod
803 3547 865 3596 iulii
882 3548 979 3598 Asiatici
993 3549 1068 3599 vitam
1081 3565 1148 3602 com.

207 3614 320 3678 ponendo
330 3625 400 3676 spem
416 3608 557 3662 bominibus
576 3609 654 3660 iecisti
666 3609 776 3673 plurium
793 3609 917 3672 ejusmodi
931 3611 1060 3676 librorum,
1074 3627 1146 3675 quam
