2524 4088
435 222 497 276 ιιι
514 219 760 277 n’tcnrcoct.
1016 223 1066 278 ma
1169 191 1173 198 ’

125 339 234 394 t'avons
253 336 340 411 perdu
361 340 460 411 quatre
474 354 525 396 aus
538 342 630 396 [avant
642 337 670 394 le
688 343 788 413 temps.
804 341 875 398 Saus
894 337 1019 404 dentati
1039 337 1067 395 le

126 419 256 477 meilleur
269 419 317 476 des
335 418 425 493 peres,
441 420 553 496 grtceb
572 422 601 478 la
619 421 749 494 prisence
772 423 806 478 dc
819 422 848 479 la
865 421 927 494 plns
946 418 1067 477 ddvouie

127 501 176 558 des
186 501 381 575 epouses,1ien
391 503 437 559 n'a
452 502 575 576 manque
588 501 659 560 ittes
668 503 812 561 honneurs
824 503 984 576 suprimes3
994 502 1068 558 mais

128 587 188 656 trop
198 599 253 656 peu
264 583 299 641 de
311 584 416 641 lennes
428 589 477 641 ont
492 585 570 642 could
582 601 631 652 sur
644 589 685 643 tes
698 591 795 657 restes,
806 591 834 643 ct
848 592 887 645 tes
900 601 982 660 peux,
994 585 1069 658 prdts

126 663 143 723 i
157 681 186 722 se
199 665 333 730 termera
347 666 375 723 la
389 667 519 736 lumime,
534 663 582 725 ont
595 667 799 740 cheronaeus
811 670 853 728 les
866 674 988 741 trouver,
1001 684 1069 726 ectu

125 765 180 822 qne
193 752 223 805 lu
237 751 337 806 aimais
349 752 383 807 ¹⁰.

160 833 247 888 xtvt.
263 831 312 889 s'it
331 836 425 889 estun
448 833 516 892 asile
534 850 606 908 pour
619 833 660 892 les
680 833 778 892 mines
791 833 839 892 des
858 833 986 892 hommes
1007 851 1070 892 rer·

126 917 222 986 tueux,
243 915 266 972 si
287 915 328 972 les
341 914 462 988 grandes
479 917 568 987 ames,
591 933 701 974 comme
723 918 765 975 les
786 931 866 991 sages
884 918 991 974 aiment
1010 917 1026 974 ia
1044 917 1071 974 le

126 1014 235 1072 penser,
245 1014 282 1056 ne
291 997 451 1072 s’c'teigueut
460 1015 510 1073 pas
523 1000 627 1058 areclc
636 1016 724 1074 corps,
734 1015 830 1074 reposo
840 1017 876 1058 en
886 1001 960 1074 pair,
971 1004 998 1057 et
1006 1017 1071 1074 rap-

126 1080 294 1154 pellc-nous,
304 1081 339 1138 dc
354 1097 405 1138 nas
417 1086 523 1154 regrets
537 1082 716 1156 impuissants
729 1085 757 1140 et
768 1082 803 1140 dc
812 1097 862 1139 nos
873 1082 948 1155 plain
953 1087 992 1138 tes
1002 1079 1071 1139 eild-

127 1162 245 1234 miudes,
260 1179 332 1220 nous
349 1165 396 1238 qui
412 1180 533 1222 summes
548 1169 577 1222 ta
592 1165 710 1237 familie,
729 1164 746 1222 'a
765 1165 794 1224 la
808 1165 1024 1239 contemplation
1038 1166 1071 1222 de
1157 1187 1159 1192 ·

127 1246 169 1302 tes
180 1249 285 1315 verius,
294 1246 363 1319 qu'il
377 1247 449 1302 n'est
463 1247 540 1319 point
552 1247 658 1320 permis
668 1247 702 1303 de
716 1246 840 1319 pleurer.
852 1247 921 1304 C'est
931 1263 982 1320 par
990 1249 1072 1304 notre

127 1326 305 1400 admiration,
320 1345 371 1403 par
385 1346 436 1386 nos
448 1330 583 1403 louanges
598 1330 757 1401 eternclles,
776 1331 841 1388 c'est
855 1346 893 1387 en
905 1333 933 1386 te
951 1347 1073 1388 ressem-

126 1411 216 1482 blant,
225 1412 251 1469 si
264 1429 334 1470 nous
347 1428 383 1469 cu
397 1413 523 1470 arensis
536 1413 623 1484 iorce,
635 1429 690 1486 que
705 1429 776 1471 nous
789 1411 961 1472 honoremus
974 1414 1073 1486 digne-

126 1500 206 1550 ment
222 1497 251 1551 ta
271 1494 541 1553 memorarunt
563 1496 590 1552 le
613 1495 747 1552 veritable
767 1495 927 1568 hommage,
940 1495 968 1552 le
989 1497 1072 1570 pieux

127 1576 223 1633 devoir
235 1578 269 1634 de
282 1594 351 1636 ceux
365 1578 414 1651 qui
429 1582 456 1635 te
470 1583 533 1635 sont
545 1579 620 1635 unis.
635 1579 773 1636 J'erhortc
786 1582 816 1635 ta
829 1578 887 1635 fille
897 1581 924 1634 et
933 1582 960 1635 ta
969 1578 1073 1636 lemme

127 1657 255 1718 breudm
269 1678 300 1718 ce
314 1662 388 1719 culte
401 1678 438 1719 au
451 1663 583 1719 sourenir
596 1661 631 1719 de
644 1661 707 1719 leur
720 1661 787 1734 pere
801 1666 829 1719 ci
842 1662 877 1719 de
890 1662 953 1719 leur
966 1661 1070 1735 epoux3

126 1743 241 1818 qu’elles
255 1744 332 1800 aient
347 1743 471 1816 touJours
484 1744 626 1818 presentes
640 1748 729 1802 toutes
742 1749 784 1802 tes
798 1744 915 1816 actions,
931 1748 1020 1802 tontes
1032 1748 1073 1802 tes

127 1825 250 1902 paroles;
265 1826 380 1900 qu’elles
393 1828 584 1901 contemplent
596 1831 626 1886 ta
634 1827 722 1901 gleire
731 1831 759 1885 et
771 1827 886 1902 l’imagc
900 1829 934 1885 de
947 1831 996 1885 tou
1008 1829 1073 1886 ime

126 1909 216 1984 plutdt
233 1925 287 1984 que
301 1911 371 1968 celle
389 1912 423 1969 dc
446 1915 495 1968 ton
508 1928 603 1986 corps3
628 1927 686 1969 non
706 1927 756 1986 pas
775 1928 830 1986 que
848 1911 878 1984 J‘e
900 1928 985 1986 pense
1004 1910 1073 1986 qu'il

127 1991 201 2050 inille
214 1993 346 2050 interdire
358 1993 398 2050 les
406 1993 568 2052 simulacres
579 1995 614 2051 de
629 1994 742 2052 marbre
756 2011 793 2052 ou
807 1993 938 2066 d’airain,
950 1996 1021 2052 mais
1032 1995 1073 2052 les

127 2078 231 2133 statues
245 2076 292 2150 qui
313 2076 508 2150 reproduisent
520 2075 563 2134 les
578 2077 655 2134 traiis
673 2075 708 2134 de
721 2076 868 2146 l’homme,
889 2081 951 2134 sont
964 2093 1074 2134 comme

127 2158 169 2214 lui
182 2158 277 2216 iaibles
290 2162 318 2216 et
332 2157 511 2232 perissables3
526 2158 556 2216 la
570 2159 670 2216 beaute
683 2157 719 2215 de
732 2158 815 2216 l'dmc
829 2161 872 2214 cst
889 2157 1030 2228 dtemelle,
1045 2161 1074 2215 et

127 2243 198 2298 cette
218 2239 319 2298 beaute
340 2256 394 2314 que
414 2240 480 2299 l’art
499 2244 526 2297 et
543 2241 573 2298 la
594 2241 711 2298 mati'ere
728 2256 765 2297 ne
785 2240 925 2296 saursient
944 2239 1026 2296 saisir
1045 2243 1074 2296 ct

127 2323 239 2395 rendre,
259 2339 330 2382 nous
355 2341 481 2398 pouvons
500 2340 537 2381 en
551 2324 651 2397 garder
673 2323 700 2380 le
713 2327 778 2397 type
795 2323 866 2380 daus
884 2338 935 2379 nos
954 2337 1071 2381 moeurs.

128 2409 199 2464 'tout
212 2423 243 2464 ee
254 2423 309 2481 que
320 2423 392 2466 nous
406 2422 492 2466 avons
507 2407 593 2478 aime,
602 2409 663 2464 tout
676 2423 708 2465 ce
721 2423 776 2480 que
789 2421 860 2464 nens
869 2421 955 2463 avons
965 2404 1074 2464 admird

129 2587 245 2638 absentiae
253 2585 394 2638 munitione
403 2590 459 2636 anm
470 2584 662 2648 quadriennium
672 2584 775 2634 amissus
786 2597 822 2633 es.
830 2582 913 2633 omnia
924 2583 977 2634 sine
987 2585 1073 2660 dubio,

128 2649 221 2712 optime
237 2653 378 2714 parentum,
401 2649 520 2698 assidente
538 2645 706 2698 amantissima
724 2661 809 2710 uxore,
827 2647 969 2708 superfuere
985 2647 1074 2697 bonon

130 2715 172 2761 tuo
187 2727 194 2760 ι
208 2710 364 2774 paucioribus
376 2717 458 2760 tumen
469 2709 576 2759 lacrimis
589 2708 736 2771 compositus
749 2722 784 2772 ee,
797 2711 824 2758 et
835 2707 965 2759 norissima
978 2708 1005 2758 in
1018 2712 1074 2760 luce

128 2772 296 2824 desideravere
308 2772 400 2835 aliquid
419 2772 486 2822 oculi
500 2771 547 2821 tui.

160 2835 249 2885 xcvt.
263 2834 290 2886 Si
308 2833 363 2897 quir
382 2833 481 2897 piorum
500 2833 613 2883 manibus
628 2833 705 2897 loeus,
722 2830 751 2896 si,
773 2835 802 2882 ut
814 2831 965 2896 sapientibus
985 2834 1073 2906 placet,

129 2911 180 2948 non
196 2911 253 2946 cum
273 2909 374 2959 corpore
392 2897 582 2970 exstinguuntur
596 2908 693 2968 magnae
710 2893 815 2967 animm,
837 2894 931 2967 placide
953 2908 1073 2968 quiescas,

129 2957 1074 3089 latinitatis„tltrlttltttttttt‘iltdlldtltgdtfittt
1118 3052 1121 3054 ,

128 3082 214 3146 plangi
225 3083 262 3132 ias
274 3085 311 3132 cst
326 3096 332 3131 :
348 3079 508 3130 admiratione
526 3083 548 3128 te
562 3080 644 3142 potius
662 3083 687 3129 et
704 3077 885 3128 immortabbus
901 3076 1024 3140 laudibus,
1039 3083 1073 3142 et,

128 3146 150 3194 si
162 3149 250 3193 natura
263 3143 407 3206 suppeditet,
421 3141 580 3191 similitudine
594 3142 747 3191 decoremus.
759 3139 781 3188 is
791 3153 864 3189 renis
876 3140 962 3202 bonos,
978 3152 1007 3188 ee
1016 3153 1074 3189 con·

126 3205 274 3268 iunctissimi
287 3205 407 3267 cujusque
422 3203 509 3266 pietas.
528 3203 556 3252 ld
575 3203 635 3252 filiae
653 3215 750 3264 quoque
764 3201 885 3262 uxorique
900 3201 1072 3266 praeceperim,
1134 3229 1136 3236 ι

127 3271 161 3318 sic
173 3268 256 3332 patria,
274 3268 305 3316 sic
324 3267 403 3316 mariti
420 3267 547 3316 nemerim
559 3266 669 3328 remeari,
694 3270 720 3314 at
740 3263 814 3313 omnia
829 3264 890 3325 scoto
905 3263 1005 3327 dictoque
1023 3267 1073 3325 ejas

129 3343 203 3382 neam
214 3330 338 3392 metuant,
349 3329 484 3393 [canamque
497 3340 523 3377 ae
534 3328 629 3390 fiquron
641 3327 714 3376 animi
727 3327 808 3389 napis,
819 3339 884 3388 quarn
897 3328 1002 3390 corporis,
1016 3340 1073 3377 eom·

128 3393 252 3456 plectuntor
264 3405 273 3441 .·
283 3403 333 3440 non
343 3389 401 3452 quia
412 3389 614 3439 intercedendum
624 3391 709 3451 putem
719 3387 875 3452 imaginibus,
884 3401 939 3450 quae
951 3403 1073 3438 munnere

129 3457 174 3504 eut
194 3465 243 3504 cere
257 3453 385 3516 tinguntur
397 3466 404 3501 ε
417 3452 459 3502 sed
479 3454 509 3502 ut
528 3453 610 3500 vultus
632 3450 770 3513 bominum,
790 3450 824 3498 itu
842 3450 973 3500 simulacra
992 3452 1073 3500 vultus

130 3513 253 3564 imbecilla
270 3527 299 3564 ac
319 3513 432 3564 monalia
444 3517 522 3564 suut:
539 3515 618 3562 torma
633 3513 723 3565 mentis
737 3517 841 3575 aterna,
855 3525 930 3574 quam
944 3514 1029 3560 tenere
1047 3521 1072 3561 et

129 3576 263 3638 exprimere
276 3590 327 3625 non
342 3590 387 3637 per
403 3575 477 3625 aliam
490 3575 618 3625 materiam
633 3577 658 3626 et
672 3579 763 3636 artem,
776 3576 819 3624 sed
837 3575 883 3622 tuis
899 3573 949 3634 ipse
962 3572 1071 3621 moribus

130 3637 216 3704 poesis.
242 3637 368 3700 Quidquid
385 3649 415 3688 ex
437 3635 551 3701 Agricola
573 3636 717 3701 amavimus,
736 3633 856 3699 quidquid
874 3633 957 3684 mirati
979 3647 1072 3700 snmus,
