2444 4086
196 273 245 326 tta
603 273 750 329 TAClTE.

230 391 337 446 llllltll.
362 389 404 469 (ln
426 403 463 446 ne
478 391 582 448 murali
596 391 686 448 croire
699 389 715 447 i
732 391 798 465 quel
812 390 891 448 exues
909 389 1047 466 d'orgueil
1066 396 1094 449 et
1109 392 1145 449 de

194 474 258 532 tolie
272 489 307 529 en
328 473 423 530 arriva‘
435 473 572 544 Vitellius,
590 475 684 548 quand
706 490 750 531 ses
767 474 905 532 dourriers
917 473 958 530 lui
976 477 1146 532 eareat-an-

193 558 282 614 nonae
296 573 350 631 que
363 557 392 613 la
403 557 481 631 Syrie
491 560 519 613 et
527 558 556 614 la
569 557 655 614 tudde
669 558 802 616 l'avaient
816 573 950 615 reconna.
963 559 1090 632 Quoique
1103 558 1145 615 les

193 642 283 702 bruits
296 639 403 697 lassent
413 655 513 697 encore
527 656 632 714 vagues
645 645 671 698 et
681 641 841 712 incenatus,
855 657 892 698 on
901 642 1012 714 periali,
1025 657 1063 698 on
1075 644 1146 700 s'oc-

194 724 288 798 cupait
308 725 342 780 de
365 723 525 796 Vespasien,
544 727 573 780 et
585 724 714 781 Vitellius
731 724 873 782 tremblait
889 723 906 780 b
924 741 955 782 ee
969 740 1053 796 n0m;
1070 727 1145 782 mais

195 809 269 865 alors
288 805 436 864 lui-meme
451 809 478 864 et
488 806 613 878 l'armde,
628 823 665 864 ne
685 824 715 865 se
728 814 843 882 cropaat
857 807 919 881 plus
938 808 971 864 de
985 809 1098 878 rivaux,
1115 825 1145 866 se

194 890 338 960 linerent,
362 890 432 946 dans
449 890 527 946 leurs
546 888 685 960 eruautds,
707 891 777 946 dans
791 890 868 947 leurs
885 889 1054 961 de'bauohes,
1074 891 1144 949 dans

195 975 269 1032 leurs
283 974 479 1046 brigandages,
494 971 509 1028 d
523 976 582 1028 tout
595 971 821 1046 l'emportemeat
835 973 882 1030 des
898 973 1041 1032 Barbaros.

230 1059 336 1114 LlllllV.
352 1056 502 1128 Vespasiea
512 1057 665 1130 dependant
675 1056 838 1113 meditaitla
847 1072 957 1129 guerre,
968 1056 1009 1114 les
1022 1057 1144 1116 chauces

195 1142 244 1197 des
261 1139 400 1209 batailles,
421 1139 552 1213 comptait
571 1139 612 1196 les
633 1139 721 1196 lorces
739 1139 878 1214 dloigndes
891 1157 928 1197 ou
945 1141 1076 1198 volsines.
1094 1144 1145 1199 Les

195 1224 297 1282 soldats
316 1222 356 1278 lui
375 1223 478 1280 etaient
499 1221 644 1279 tellement
668 1223 796 1293 devaues,
812 1219 905 1298 qu'au¹
918 1226 1046 1280 moment
1065 1221 1104 1282 ou
1124 1225 1143 1281 il

195 1307 267 1364 dieta
280 1306 308 1363 le
322 1309 445 1362 serment
456 1308 483 1360 et
496 1305 640 1379 prononea
652 1305 693 1361 les
706 1321 789 1362 voeux
800 1322 872 1380 pour
885 1305 1025 1376 Vitellius,
1044 1306 1081 1362 ils
1094 1305 1144 1363 l’d·

195 1389 337 1448 conterent
351 1405 415 1445 sans
429 1387 576 1461 repandae.
590 1388 699 1445 llueien
710 1404 747 1446 ne
758 1387 800 1444 lui
813 1389 881 1446 etan
896 1389 973 1461 point
989 1387 1102 1459 hostile,
1117 1393 1144 1446 et

195 1473 217 1529 il
230 1473 303 1531 avait
324 1487 424 1529 encore
444 1469 507 1544 plus
525 1470 716 1527 d'inelination
730 1487 802 1544 pour
819 1472 906 1529 Titus.
922 1473 959 1528 Le
979 1471 1069 1543 pre'iet
1082 1464 1145 1529 (ΓΕ-

141 1577 146 1586 ·
195 1561 287 1630 gppte,
306 1558 336 1612 Τ.
353 1554 523 1624 alexandre,
544 1552 611 1610 dtait
630 1552 732 1612 associa
755 1552 771 1610 d
791 1553 973 1627 l’eatrepriso.
991 1555 1144 1628 Vespasien

195 1639 332 1712 regardait
346 1653 456 1695 comme
476 1633 491 1694 ia
512 1636 553 1692 lui
571 1635 600 1692 la
622 1635 763 1693 troisteme
781 1635 885 1708 legion,
906 1639 954 1710 qui
967 1634 1035 1692 etan
1048 1637 1144 1710 passe'e

196 1723 230 1779 de
244 1723 320 1796 Syrie
332 1737 369 1776 ea
382 1718 474 1788 lle'sie‚
488 1721 516 1776 et
528 1717 548 1774 il
562 1717 682 1792 esperait
697 1733 750 1792 que
765 1719 806 1776 les
821 1724 915 1775 autres
927 1717 1036 1790 ldgions
1050 1720 1143 1794 d’llly·

196 1807 238 1864 rie
248 1805 401 1862 suivraieat
414 1803 441 1858 le
454 1806 649 1874 mouvemeat3
673 1817 720 1859 aar
734 1801 849 1859 l'armde
864 1799 970 1858 enti'ere
983 1801 1144 1876 s'indignait

196 1890 231 1946 de
244 1885 403 1944 l'insolence
422 1884 471 1941 des
486 1882 588 1940 soldats
606 1883 751 1956 vitelliens,
766 1900 849 1958 parce
868 1900 922 1958 qus
940 1899 985 1941 ces
1000 1883 1142 1956 hommes,
1215 1949 1216 1952 Ἴ

197 1972 264 2028 d'un
279 1974 371 2042 aspect
390 1966 534 2038 iarouehe,
555 1970 583 2024 et
606 1964 829 2026 barbares'dans
841 1967 903 2024 leur
923 1967 1056 2040 laagage,
1077 1970 1143 2026 rail-

197 2055 284 2112 laient
297 2053 338 2108 les
349 2057 444 2109 autres
457 2067 566 2108 comme
581 2050 659 2110 etant
674 2050 837 2108 audessous
850 2050 941 2107 d'eur.
963 2052 1032 2108 blais
1049 2053 1143 2126 quand

197 2155 234 2193 on
251 2135 420 2208 entreprend
439 2133 474 2190 de
492 2132 621 2207 pareilles
642 2148 768 2206 guerres,
789 2149 828 2189 on
846 2132 936 2189 hesite
949 2133 1095 2207 toujours3
1118 2139 1143 2192 et

197 2217 358 2292 Vespasien,
378 2221 439 2274 tout
460 2233 496 2274 en
510 2215 640 2290 esperant
654 2219 782 2286 souvent,
801 2215 932 2273 caleulait
944 2217 1020 2272 aussi
1042 2214 1086 2274 les
1101 2235 1143 2275 re·
1212 2241 1213 2244 ¹

89 2378 92 2387 Ι
197 2320 269 2361 vers.
286 2320 301 2356 a
313 2301 381 2373 Quel
394 2301 460 2374 jour
475 2316 530 2374 que
544 2300 617 2357 oelui
633 2297 671 2356 oia
685 2299 703 2356 il
721 2300 877 2358 remettrait
897 2315 951 2357 aur
971 2298 1096 2360 chauces
1112 2301 1143 2359 de
1211 2335 1212 2340 κ

197 2511 295 2620 ditioned
302 2508 420 2572 fugitivus
434 2505 534 2556 nomino
553 2505 617 2569 dato,
631 2508 757 2569 sumptum
773 2505 805 2557 da
822 2519 852 2558 eo
866 2504 1016 2570 supplicium
1029 2509 1144 2560 servilem

197 2576 224 2624 in
237 2588 279 2623 mo
298 2585 351 2620 um.

229 2634 339 2686 LXlllll.
352 2630 399 2679 Vix
410 2628 529 2680 credibile
544 2631 680 2679 memoratu
694 2631 732 2678 est
745 2631 866 2692 quantum
880 2629 1004 2693 superbiae
1015 2634 1144 2685 socordiae
1208 2639 1209 2656 ¹

198 2711 246 2760 que
264 2693 364 2744 Vitellio
385 2691 527 2750 adoleverit,
549 2694 678 2753 postquam
693 2693 856 2753 speculatores
874 2706 889 2742 e
913 2691 984 2757 Syria
1007 2693 1143 2758 ludaeaque

198 2761 301 2809 adactam
323 2758 348 2804 ia
365 2754 431 2804 uerba
445 2755 493 2814 eius
508 2752 617 2803 anatra
634 2753 788 2804 nuntiavere.
806 2767 865 2802 nam
881 2753 926 2802 etsi
943 2753 1012 2818 vagis
1025 2756 1109 2806 adhue
1121 2762 1144 2807 et

198 2819 297 2870 incertis
308 2815 457 2880 auctoribus,
468 2817 521 2863 erat
535 2818 619 2864 tamen
632 2814 659 2865 in
672 2828 715 2864 ore
736 2816 848 2877 initiaque
862 2814 1036 2882 Vespasianus,
1052 2832 1083 2867 aa
1097 2821 1144 2880 ple·

199 2893 305 2942 rumque
317 2880 347 2928 ad
361 2892 451 2928 nomen
465 2877 519 2938 ejus
532 2876 648 2928 Vitellius
662 2876 823 2928 excitabatur.
842 2880 896 2926 tum
909 2879 960 2940 ipse
974 2879 1144 2944 exercitusque

199 2950 227 2998 ut
247 2943 316 3053 nulla
333 2942 424 2991 aemulo
437 2939 542 3005 saevitia,
560 2938 672 3004 libidine,
690 2942 764 3002 raptu
785 2939 812 2989 in
826 2943 937 2990 externos
955 2953 1038 2991 mores
1060 2956 1145 3006 prora·

231 3019 294 3055 ran.
1204 3047 1205 3060 .

198 3022 341 3118 peLlllllV.
352 3066 384 3116 At
395 3063 444 3114 Vos
462 3063 558 3114 asianus
573 3063 667 3113 bellum
681 3075 799 3123 armaque
816 3065 841 3112 et
854 3064 941 3126 procul
952 3063 990 3112 vel
1002 3061 1076 3126 juxta
1089 3067 1144 3116 sitas

198 3131 262 3180 vires
276 3079 498 3190 circumspectaitat.
515 3126 586 3175 miles
599 3124 646 3188 ipsi
660 3125 721 3174 odeo
735 3128 842 3189 paratus,
856 3129 883 3174 ut
898 3131 1053 3187 praeeuntem
1067 3141 1145 3178 saera·

200 3195 309 3243 mentum
323 3194 348 3240 et
361 3191 441 3239 inusta
452 3188 554 3238 Vitellia
567 3187 650 3237 onmia
662 3189 804 3250 precantem
818 3201 862 3260 per
875 3187 999 3236 sitentium
1014 3188 1143 3240 audierint.

199 3252 307 3306 Muciani
324 3251 422 3302 animus
442 3264 488 3300 nea
502 3249 652 3312 Vespasiano
670 3247 765 3299 alienus
782 3253 807 3298 et
822 3263 848 3298 rn
865 3249 949 3298 'litum
960 3250 1072 3312 pronior.
1084 3267 1145 3314 prm-

200 3318 278 3366 tectus
289 3314 390 3424 AEgjrpti
406 3311 519 3361 Tiberius
535 3312 674 3362 Alexander·
688 3309 789 3361 consilia
800 3311 945 3361 sociaverat.
959 3312 1059 3362 tertiam
1072 3316 1145 3378 logio·

199 3393 267 3450 uem,
282 3391 330 3437 auo
365 3389 378 3423 e
395 3373 466 3436 Syria
481 3373 507 3422 in
521 3373 631 3422 llloesiam
648 3373 783 3438 transisset,
798 3387 868 3423 suam
887 3374 1043 3423 numerabat.
1058 3381 1144 3428 cetere

201 3438 294 3501 lllyrici
306 3436 414 3498 legiones
424 3438 545 3484 secuturae
555 3435 716 3496 sperabantur
720 3449 728 3496 ;
740 3449 846 3508 namquo
855 3449 940 3485 omnes
948 3437 1067 3486 exereitus
1076 3439 1144 3488 llam·
1200 3443 1201 3446 ’

201 3501 310 3550 moverat
323 3496 461 3558 arrogantia
473 3495 627 3545 sortientium
641 3511 656 3546 a
669 3496 769 3546 Vitellio
782 3497 902 3562 natitum,
914 3498 978 3560 quod
993 3502 1078 3549 truces
1093 3514 1144 3550 ear

202 3575 270 3625 pore,
287 3558 382 3607 horridi
403 3571 515 3607 sermone
533 3561 627 3607 ceteros
640 3562 668 3608 ut
684 3557 791 3622 impares
809 3560 954 3609 irridebant.
971 3560 1015 3609 sed
1036 3559 1064 3610 in
1078 3565 1145 3612 tanta

203 3625 268 3674 mole
279 3619 339 3669 belli
350 3621 495 3682 plerumque
509 3619 648 3682 cunctati03
661 3623 687 3670 at
696 3619 861 3682 Vespasianus
873 3623 945 3670 inodo
961 3620 986 3668 iu
997 3635 1068 3684 spem
1081 3637 1145 3674 erea-

202 3691 252 3748 tus,
270 3683 401 3744 aliquando
421 3682 521 3732 adversa
538 3682 685 3747 reputabat:
702 3682 783 3746 «quis
800 3681 842 3734 ille
861 3684 913 3734 dies
932 3685 995 3733 toret
1013 3683 1073 3748 qua'
1080 3699 1145 3736 sem·
1198 3677 1199 3739 i

1109 3901 1116 4018 :
1193 3751 1198 4045 l
