2462 4102
343 251 761 314 3133313333133313.
811 235 816 242 “
980 253 1029 306 su

8 363 10 394 t
90 361 267 418 monuments
280 361 314 418 de
328 362 466 420 l'allianee
479 361 617 433 remaine,
631 377 661 418 se
675 361 726 418 tait
736 360 893 436 proclamet·
906 363 989 420 cesar
1002 367 1030 418 et

90 441 215 501 33133133
224 449 320 500 contre
333 444 374 502 les
382 444 535 518 Sequanos,
545 445 641 501 natiou
654 444 814 518 limitrophe
826 446 873 518 qui
885 462 955 502 nous
964 445 1030 502 etail

90 523 178 596 fidele,
192 543 249 582 333
263 527 412 584 multitude
431 529 568 584 immense
588 531 616 583 et
636 525 827 584 desordonnee
845 528 879 584 de
899 529 1026 600 Lingeus.

89 609 136 664 Les
148 607 291 682 sequanes
303 608 477 682 accepterent
487 607 517 666 la
528 609 651 679 bataille,
664 609 731 666 3113
745 611 856 668 fortune
869 611 968 670 s'etant
983 610 1030 668 de-

89 689 177 747 3133313
189 708 261 764 pour
272 692 511 761 1311333333333,
526 691 567 748 133
581 693 703 764 Lingeus
718 691 811 748 terent
822 691 929 748 details.
943 692 1029 766 Apris

88 772 162 828 avoir
179 772 408 831 temerairement
419 771 552 845 precipiti
568 771 710 845 13113333,
735 773 854 830 Sabinus
874 789 910 831 ne
927 773 966 830 131
980 789 1030 847 pas

88 855 178 911 moins
190 855 326 929 prompta
335 857 454 929 prendre
461 855 490 912 la
500 855 579 914 luite.
591 857 665 912 Pour
673 856 812 929 repundre
825 857 852 912 le
864 857 940 914 brnit
954 857 988 914 de
998 873 1029 914 sa

87 941 169 1008 mort,
184 939 203 993 il
216 939 249 996 fit
260 943 359 996 mettre
373 941 400 996 le
414 939 461 995 133
473 938 491 996 a
509 939 538 996 13
551 939 662 996 maison
676 939 746 996 dans
761 937 880 1012 laquelle
898 939 920 995 11
938 937 1030 998 3111311

87 1019 202 1092 re'lugie,
216 1025 245 1078 31
257 1021 315 1078 l'en
329 1022 476 1094 s’imagina
489 1021 558 1095 qu'il
577 1037 595 1094 y
613 1022 688 1079 avait
702 1021 763 1094 peri
784 1021 1027 1079 velentairement.

86 1105 113 1159 te
126 1106 284 1161 raconterai
298 1105 360 1177 plus
372 1106 431 1162 lein
449 1121 500 1178 par
521 1105 627 1178 quelles
648 1121 726 1162 33333
746 1109 775 1162 31
791 1105 860 1162 daus
879 1105 971 1178 quelle
985 1121 1029 1162 re·

86 1189 165 1244 133113
180 1188 202 1244 11
215 1187 367 1262 prolongea
379 1206 409 1246 33
420 1190 465 1246 313
482 1189 605 1261 pendant
620 1191 690 1247 3331
699 1205 759 1255 ans,
776 1195 804 1246 et
815 1190 845 1263 je
856 1190 977 1264 parlerai
992 1206 1029 1247 en

85 1267 176 1326 meme
200 1275 289 1344 temps
309 1273 344 1329 de
368 1273 394 1328 la
418 1271 519 1330 fidelite'
540 1272 573 1329 de
597 1288 640 1330 ses
660 1274 734 1329 amis
752 1275 779 1328 et
800 1273 839 1329 du
856 1273 1028 1346 magnilique

85 1352 210 1425 exemplo
223 1368 279 1426 que
301 1353 394 1412 donna
414 1369 444 1410 33
466 1353 571 1413 lemme
594 1355 736 1427 Epponine
747 1354 780 1410 ²⁷.
797 1357 834 1412 La
848 1355 962 1412 victoire
981 1355 1030 1412 (133

84 1434 223 1508 Sequanes
237 1435 328 1493 calma
340 1452 384 1494 ces
398 1437 507 1494 1333333
518 1437 675 1509 guerrieres
689 1454 696 1492 :
711 1437 752 1492 les
770 1435 836 1493 cites
851 1437 1030 1494 retle'chirent

84 1521 110 1574 31
122 1519 272 1592 sengdrent
286 1536 341 1577 aux
355 1520 463 1577 devoirs
476 1525 503 1576 31
518 1519 686 1576 3331331113.
704 1521 739 1576 Ce
753 1519 847 1575 lureut
858 1520 899 1575 les
916 1519 1028 1576 Re'meis

8 1639 10 1708 p
84 1601 131 1674 qui
143 1601 300 1659 denn‘erent
310 1602 466 1676 l’exemple.
480 1602 916 1676 113331111333131333[33133133
929 1602 1028 1659 Gaules

8 1709 10 1732 τ
83 1701 136 1756 que
149 1685 259 1760 chaque
277 1691 378 1744 canton
392 1685 510 1758 33333311
528 1685 576 1742 des
596 1684 719 1758 deputes,
739 1683 797 1741 afin
815 1685 850 1742 de
869 1684 1027 1745 decideuen

8 1745 10 1840 l
83 1783 216 1825 commun
232 1769 256 1824 si
270 1785 308 1825 33
320 1769 427 1825 3331311
443 1768 669 1842 l'independance
683 1768 762 1825 3313
775 1768 849 1841 pain.

116 1853 227 1909 LXVlll.
243 1853 402 1925 Cependanl
417 1869 462 1910 ces
476 1851 656 1910 dre'nements
668 1853 753 1925 qu'en
765 1851 904 1926 exagerait
914 1851 1027 1911 31113333

83 1934 250 2004 3331131331
264 1935 383 2006 1133133,
401 1940 430 1993 31
442 1935 563 2010 quoique
583 1934 623 1992 les
639 1935 780 2008 generaux
796 1935 903 1994 fussent
921 1935 1028 1994 habiles

83 2018 210 2090 (Annius
223 2018 316 2075 Gallus
330 2023 357 2075 31
373 2019 487 2076 cerialis
501 2018 604 2076 etaient
615 2017 676 2092 ddja
687 2019 802 2092 partis),
815 2019 836 2074 il
849 2020 983 2093 craignait
994 2021 1027 2078 de

82 2101 122 2158 133
135 2102 198 2159 3313
212 2101 374 2158 succumber
389 2117 452 2158 sous
460 2101 487 2158 le
501 2101 578 2174 poids
590 2101 625 2158 de
634 2105 704 2158 cette
716 2117 826 2173 guerre.
837 2103 935 2171 Rome,
947 2104 1026 2160 d'ail-

82 2182 166 2255 leurs,
179 2200 216 2240 ne
236 2183 350 2256 pourait
366 2187 454 2240 rester
474 2199 538 2240 sans
556 2182 632 2254 chel;
648 2186 721 2240 mais
741 2184 762 2239 11
779 2183 916 2242 redoutait
927 2185 955 2240 13
968 2187 1028 2242 313-

82 2266 159 2324 leuce
174 2267 223 2324 des
236 2267 360 2348 passinus
373 2267 407 2324 de
421 2266 572 2336 Domitieu,
588 2269 626 2335 et,
641 2280 749 2322 comme
761 2266 791 2338 je
810 2266 926 2335 1313111,
941 2269 1026 2324 Ante-

84 2349 144 2406 nius
157 2350 286 2406 3113333
300 2349 340 2405 131
353 2348 456 2406 e'taient
466 2352 598 2422 suspects.
610 2349 711 2417 Varus,
724 2345 791 2405 chel
799 2347 847 2404 des
859 2347 1026 2421 preteriens,

85 2431 192 2502 gardait
205 2435 285 2488 entre
296 2447 338 2488 ses
350 2431 443 2488 mains
456 2431 485 2488 13
499 2430 642 2503 puissance
656 2434 684 2486 et
695 2428 737 2485 133
748 2443 851 2486 armes.
865 2429 1025 2487 1133133131

85 2597 114 2649 113
128 2597 272 2651 0333333133
286 2596 388 2649 33131331
397 2598 477 2662 jubet,
491 2611 655 2662 magnamque
669 2599 694 2646 et
706 2594 854 2646 inconditam
868 2597 1025 2671 popularium
1083 2591 1089 2601 ¹

85 2662 224 2712 turbemin
242 2663 367 2724 Sequanos
385 2661 460 2724 rapit,
475 2659 653 2709 conterminam
670 2658 792 2708 civitatem
810 2663 834 2708 et
852 2660 922 2710 nebrs
941 2661 1026 2711 tidem.

85 2735 127 2773 333
139 2723 249 2786 Sequani
265 2723 427 2773 detrectavere
441 2725 573 2772 certamen.
593 2722 693 2771 1331333
711 2719 853 2770 melioribus
870 2720 940 2770 nituit
955 2737 961 2772 :
978 2724 1025 2773 tusi

85 2783 212 2849 Lingones.
228 2783 331 2835 Sabinus
347 2786 488 2834 festinatum
502 2788 594 2832 temere
612 2782 726 2844 praeliurn
743 2782 796 2844 pari
809 2783 940 2834 tormidine
958 2786 1025 2834 deso·

84 2847 140 2896 mit.
153 2853 230 2910 utque
243 2848 333 2895 luuram
345 2846 408 2895 331111
421 2845 459 2895 331
470 2848 571 2906 taceret,
581 2844 675 2907 villam,
687 2843 714 2892 in
726 2857 799 2907 quam
813 2846 960 2908 perfugerat,
975 2861 1026 2896 333-

83 2909 157 2958 marit
191 2909 243 2958 illic
257 2909 395 2958 voluntario
408 2911 491 2956 morte
506 2906 616 2956 interisse
631 2907 747 2955 creditus.
767 2907 808 2955 sed
825 2907 913 2968 quibus
932 2907 1025 2958 artibus

83 2947 230 3032 latebrisque
243 2970 318 3018 vitam
329 2984 373 3031 per
386 2983 473 3018 novem
487 2983 543 3017 mox
557 2981 633 3040 annos
647 2967 793 3040 traduxerit,
804 2967 877 3016 simul
889 2967 1024 3017 amicorum

82 3031 134 3092 ejus
152 3031 316 3082 constentiam
332 3035 357 3080 et
376 3029 472 3092 insigne
488 3031 621 3092 Eppoumae
636 3044 720 3078 uxerrs
738 3029 890 3090 exemplum,
910 3042 953 3077 suo
972 3032 1025 3079 leco

81 3096 219 3143 reddemus.
233 3094 404 3154 Sequanorum
416 3105 530 3155 prospera
541 3091 592 3141 acie
606 3091 667 3140 belli
678 3091 782 3152 impetus
788 3089 869 3160 stetit.
883 3089 1024 3150 resipiscere

80 3157 199 3215 paulatim
212 3155 332 3217 civitates,
345 3156 428 3216 sesque
440 3158 463 3203 et
475 3154 566 3203 t'oedern
577 3153 705 3214 respicere,
716 3151 866 3212 principibus
879 3151 969 3214 Remis,
982 3154 1025 3215 qui

8 3249 9 3254 ,
80 3230 124 3277 por
136 3218 231 3268 Gallias
242 3217 341 3267 edixere
354 3222 378 3266 31
391 3217 465 3266 missis
478 3215 556 3278 tepetis
568 3215 593 3264 tn
604 3227 715 3264 33333333
726 3211 880 3276 consultarent,
892 3213 982 3265 11133133
994 3230 1024 3266 33

77 3293 128 3390 pop⁴
129 3281 236 3392 placeret.

152 3339 224 3391 v111.
239 3341 272 3390 nt
285 3341 370 3390 ltomae
383 3343 472 3389 333313
485 3338 511 3386 13
524 3335 629 3387 deterius
640 3317 724 3384 audita
737 3334 880 3387 Mucianum
895 3337 1024 3405 angebant,

79 3415 109 3451 no
124 3417 277 3468 quamquam
290 3402 381 3466 egregii
396 3404 470 3452 duces
482 3399 544 3464 (jam
556 3399 622 3449 enim
634 3397 733 3448 Gallum
745 3397 854 3448 Annium
870 3402 895 3450 et
907 3400 1024 3452 Petilium

79 3465 202 3514 Cerialem
214 3463 347 3528 delegerat)
357 3478 478 3512 summam
490 3462 550 3510 belli
559 3474 647 3524 parum
655 3461 796 3510 tolerarent.
805 3475 851 3510 nec
863 3460 1024 3524 relinquenda

79 3525 208 3576 1131333133
224 3530 328 3575 rectore.
343 3529 369 3575 et
384 3523 520 3574 Domitiani
536 3523 663 3572 indomitae
679 3523 793 3572 libidines
810 3522 968 3586 timebantur,
984 3539 1025 3574 su·

77 3588 176 3650 spontis,
189 3588 226 3636 uti
239 3587 353 3650 diruens,
369 3587 453 3636 Primo
467 3585 572 3635 Antonio
584 3585 699 3645 Varoque
711 3584 792 3634 llrrio.
805 3583 886 3632 Varus
901 3586 1024 3645 praetoria-

78 3649 117 3698 nis
126 3649 270 3712 praepositus
282 3649 331 3698 rlrn
344 3652 415 3710 atqm
427 3662 496 3698 arma
507 3646 638 3698 retinebat.
649 3659 707 3696 eum
715 3645 843 3694 Mucianus
852 3646 949 3704 pulsum
960 3647 1022 3710 leco,

213 3748 245 3788 lt.
858 3730 891 3779 27
