2436 4090
209 225 259 278 aas
605 221 754 274 racrrn.
825 279 829 286 ,

208 343 243 400 de
256 343 285 402 la
298 347 419 400 vertuet
432 340 459 398 le
470 340 597 398 remoris
611 341 648 396 du
662 340 763 396 elimet
780 341 834 396 Per
846 339 875 397 la
888 341 969 411 suite,
984 341 1014 414 je
1035 341 1151 400 recueil·

124 415 126 419 ’
208 423 289 494 tersi,
304 442 362 482 non
376 441 441 482 sans
454 425 558 494 raison,
572 423 642 480 dans
656 422 699 480 les
710 424 854 480 souvenirs
866 424 902 480 du
918 423 1007 498 passe,
1020 427 1152 484 cosanus

207 511 236 564 et
256 508 377 566 d'autres
397 507 573 577 semblables,
595 510 686 562 tontes
705 506 746 562 les
767 507 820 562 lois
838 506 907 579 qu’il
926 523 986 565 sera
1003 509 1099 566 besoin
1120 507 1151 564 de

206 589 275 646 bons
289 589 429 662 exemples
440 606 477 646 ou
491 589 525 646 de
540 589 725 646 consolations
740 604 809 660 pour
822 593 882 645 tant
894 590 927 646 de
940 588 1070 648 miseras.

242 675 295 730 Lll.
309 675 447 730 Antonius
462 676 490 729 et
505 673 547 729 les
560 676 654 728 autres
668 671 744 728 ebels
752 671 883 744 jugarent
892 674 1066 730 convenable
1079 675 1151 731 d'en·

206 772 291 830 voyer
302 757 331 814 le
345 757 482 814 cavalaria
497 773 533 812 en
549 758 645 825 avant,
660 771 732 828 pour
742 756 916 814 reconnaitre
929 759 1007 814 toute
1020 758 1150 815 l'Ombn'e

206 845 233 898 et
242 841 284 897 les
292 856 421 914 passages
428 839 469 898 les
478 838 540 913 plus
550 837 713 911 praticables
724 836 758 895 de
764 838 929 910 l'bpennin3
940 839 975 896 de
984 839 1058 896 faire
1065 841 1150 910 venir,

206 939 272 979 avec
285 923 325 979 les
337 922 422 994 aigles
435 926 463 978 et
476 921 516 978 les
530 922 687 993 enseignes,
708 937 740 978 ce
754 920 824 992 qu'il
844 922 950 995 parsit
970 921 1006 978 (le
1022 921 1151 980 soldats'a

204 1006 329 1078 verbnm
354 1006 388 1064 de
408 1005 519 1062 couvrir
539 1005 566 1061 le
587 1003 625 1059 ro
640 1007 667 1061 et
685 1003 715 1060 la
735 1003 844 1060 merda
863 1003 984 1060 convois.
1001 1004 1098 1060 Parmi
1112 1020 1151 1060 aes

206 1087 293 1158 chela,
306 1089 506 1162 quelques-uns
525 1087 683 1143 suscitaient
704 1086 752 1142 des
772 1084 919 1155 obstantem
935 1087 1076 1142 Antonius
1094 1084 1150 1141 leur

204 1170 305 1244 portaii
325 1171 470 1242 ambraus,
485 1173 517 1225 et
532 1169 568 1224 ils
588 1167 745 1242 esperaient
765 1169 827 1242 plus
847 1168 881 1224 de
902 1168 1022 1224 bluclen.
1046 1169 1149 1240 lnquiet

204 1253 272 1309 ‹l’un
286 1239 425 1326 triumphe
440 1255 463 1310 si
481 1252 589 1325 rapide,
603 1252 713 1310 celui-ei
728 1269 757 1309 se
777 1250 990 1324 pereundoque,
1012 1250 1058 1308 s'il
1075 1266 1149 1307 nese

204 1334 314 1393 randait
328 1352 363 1392 en
378 1351 515 1410 personne
528 1335 629 1392 mettre
642 1335 676 1391 de
690 1336 788 1404 Rome,
804 1335 825 1390 il
839 1333 959 1390 n’aurait
972 1339 1039 1405 pert
1053 1336 1084 1392 ni
1096 1332 1112 1390 ia
1125 1331 1148 1390 la

204 1435 315 1490 guerre,
330 1417 387 1476 nit
401 1419 430 1475 la
441 1419 539 1492 gleire.
551 1419 573 1474 ll
582 1417 678 1475 acrivit
688 1419 759 1474 donc
770 1417 864 1474 lettres
875 1432 923 1472 sur
933 1417 1056 1474 lettresia
1067 1420 1147 1472 Anto-

204 1503 268 1560 nius
286 1506 314 1559 et
325 1501 451 1571 avarus,
467 1501 538 1558 mais
549 1516 614 1558 sans
627 1503 691 1558 rien
710 1501 842 1574 pre'ciser,
857 1499 948 1556 tentbt
966 1499 1011 1556 les
1029 1502 1148 1574 pressant

203 1584 300 1657 d'agir,
314 1585 402 1642 tentat
415 1585 552 1642 discutant
565 1583 606 1639 les
620 1587 771 1656 avantages
783 1582 851 1656 qu'il
865 1600 882 1656 p
903 1582 995 1639 aurait
1011 1581 1029 1638 ia
1043 1590 1146 1654 tempo·

203 1669 285 1738 riser,
303 1672 331 1725 et
350 1668 540 1740 s’arrangeant
554 1666 678 1740 toujours
698 1666 732 1722 de
746 1664 902 1723 mani'ereis
922 1666 1054 1738 pouvoir‚
1075 1665 1146 1721 selon

203 1749 399 1820 l’erenement
413 1767 442 1808 se
454 1750 590 1822 ‹liscmper
602 1750 650 1806 des
664 1765 757 1806 revers
771 1766 807 1806 ou
820 1748 1031 1805 s'attrlbuerles
1046 1747 1144 1805 succes.

203 1832 226 1888 ll
239 1832 354 1888 s'ouvrit
362 1833 425 1904 plus
438 1831 631 1890 tranchement
640 1831 657 1888 a
667 1833 771 1888 Plotius
785 1827 916 1903 Griphus,
930 1847 984 1905 que
997 1831 1145 1904 Vespesieu

203 1915 276 1970 avait
288 1914 459 1970 recomment
471 1915 585 1972 nomme
598 1915 729 1978 senaleur
743 1922 771 1971 et
781 1914 980 1972 commendant
995 1913 1032 1970 de
1046 1913 1143 1986 legion,

202 1998 274 2054 ainsi
287 1996 351 2069 qu'ia
365 1996 503 2069 plusieurs
515 2001 609 2054 autres
629 1999 700 2054 amis
718 1998 752 2054 de
766 2015 797 2054 sa
815 2013 906 2054 cause.
927 1998 999 2052 Tous
1018 1995 1143 2070 repondi-

201 2083 263 2144 rent
272 2092 327 2152 que
336 2078 365 2136 la
373 2079 564 2153 precipitation
576 2081 739 2137 d'Antonlus
751 2083 780 2136 et
787 2079 822 2136 de
830 2081 919 2136 Varus
927 2081 1014 2156 serait
1025 2079 1129 2136 funeste
1133 2095 1141 2148 ;

201 2161 292 2218 o'eteit
305 2179 337 2220 oe
357 2179 412 2236 que
425 2163 532 2220 voulait
550 2163 666 2220 llueien,
683 2163 733 2219 Ces
753 2162 848 2220 lettres
867 2161 962 2219 iurent
980 2160 1142 2236 envnyees'a

201 2246 362 2320 Vespasien‚
376 2252 404 2304 et
416 2247 437 2302 il
450 2263 486 2303 en
504 2245 609 2303 resulta
621 2261 676 2319 que
694 2245 734 2302 les
749 2245 906 2320 operatione·
920 2249 948 2303 et
966 2245 1009 2303 les
1028 2248 1142 2304 services

201 2329 364 2388 d'Antonins
377 2348 413 2388 ne
428 2331 523 2388 iurent
535 2331 614 2402 point
627 2329 767 2403 appre'cles
781 2346 891 2388 nomme
905 2331 924 2388 il
937 2330 1095 2408 l'esperait

165 2424 171 2432 ·
237 2415 300 2472 Llll.
320 2417 455 2477 antonus
469 2415 511 2474 tut
524 2415 606 2486 aigrl,
625 2418 653 2470 et
665 2415 724 2472 s'en
737 2415 794 2486 prii
807 2413 943 2471 ablucien
956 2415 1027 2471 dont
1045 2414 1087 2472 les
1100 2428 1142 2470 aa·

200 2580 281 2632 acrior
300 2583 365 2644 apud
378 2582 483 2644 majores
502 2581 564 2632 sicut
578 2581 708 2632 virtutibus
727 2582 815 2656 gloria²
838 2582 872 2634 ita
890 2582 989 2656 flagitiis
1002 2584 1140 2646 paenitentia

201 2643 257 2692 luit.
271 2644 313 2692 sed
327 2645 488 2705 baculisque
503 2658 530 2694 ex
545 2644 621 2693 reteri
634 2659 753 2696 memorre
766 2648 851 2708 petato,
866 2649 962 2706 quotes
974 2659 1013 2694 res
1026 2648 1139 2708 locusque

202 2706 314 2766 exempla
334 2705 394 2754 recti
409 2708 451 2755 aut
466 2705 552 2755 solatia
565 2705 624 2755 mali
640 2710 732 2770 poscet,
747 2709 811 2756 haud
826 2707 930 2757 absurde
941 2709 1136 2758 memorabimus.

232 2766 284 2814 bll.
306 2767 414 2815 Antonio
434 2767 584 2828 ducibusque
602 2769 709 2829 partium
723 2770 828 2834 praemitti
847 2771 929 2833 equites
948 2784 1075 2834 omnemque
1091 2770 1138 2820 Um·

200 2828 272 2901 briam
286 2829 396 2890 erptcruri
409 2829 509 2902 placuit,
523 2831 554 2902 si·
569 2843 597 2878 aa
606 2830 720 2892 Apennini
728 2833 783 2894 iupa
795 2833 919 2881 clementius
928 2833 1043 2882 odiremur
1053 2847 1061 2894 ,·
1073 2834 1137 2882 acciri

199 2890 285 2952 aquiiae
303 2892 408 2954 umupuc
422 2897 442 2940 et
463 2845 569 2954 quicqua}
588 2890 678 2942 Verona
693 2894 790 2946 militum
807 2894 863 2955 soret
873 2907 881 2955 ;
902 2894 1027 2956 Padumque
1046 2901 1067 2944 et
1082 2907 1136 2942 marc

198 2954 350 3003 commeatibus
363 2954 472 3017 compteri.
488 2958 557 3004 erant
570 2953 634 3003 inter
647 2954 721 3004 duces
733 2954 776 3018 qni
790 2958 916 3005 necterent
930 2970 1012 3005 moros
1027 2970 1034 3006 ι
1050 2957 1136 3018 quippe

197 3015 289 3066 nimius
300 3015 352 3078 jam
372 3016 501 3079 Antonius,
517 3021 541 3066 et
559 3015 664 3065 certiora
681 3031 710 3067 ex
725 3017 839 3068 Muciano
853 3020 1020 3080 sperabantur.
1035 3031 1136 3080 namque

199 3078 329 3128 Mucianus
344 3083 394 3128 tam
409 3079 484 3129 celeri
495 3078 596 3128 victoria
609 3077 706 3144 anxiam,
722 3083 747 3128 et
762 3078 787 3127 ni
802 3091 910 3140 praeseus
927 3080 993 3131 Urbe
1011 3080 1134 3143 potiretur,

199 3145 319 3199 expertem
334 3155 361 3190 sa
381 3142 440 3192 belli
462 3140 595 3202 gloriaeque
613 3145 688 3203 ratus,
712 3142 742 3190 ad
763 3141 874 3190 Primum
898 3147 922 3190 et
941 3141 1038 3191 Varum
1058 3142 1135 3192 media

198 3201 361 3272 scriptitabat,
373 3203 500 3254 instandum
511 3204 584 3266 ceptis
596 3207 638 3252 aut
649 3216 733 3252 rursus
744 3205 861 3253 cumtandi
871 3203 980 3254 utilitates
993 3203 1135 3264 edisserens,

198 3266 272 3323 alque
287 3266 322 3311 eta
334 3265 482 3327 compositus
496 3269 524 3313 ut
540 3279 567 3314 ex
581 3269 669 3314 eventu
683 3279 766 3314 rerum
785 3266 884 3315 adversa
900 3268 1017 3316 abnueret
1031 3268 1070 3315 vel
1083 3279 1134 3338 pro·

196 3326 1133 3439 {alternantiumllllfflllutlffillllttltffltl‘ll

197 3445 302 3517 monuit.
317 3445 384 3518 iique
396 3461 480 3520 (areanae¹
496 3403 530 3496 <fiel
547 3403 923 3520 rapiqapsssneurgfflenelargzqaffl
934 3403 1133 3502 sllnisffeagfrbllu·

196 3520 267 3555 clano
283 3509 390 3556 volentia
406 3521 562 3571 rescripsere.
582 3511 670 3570 qmbus
687 3512 793 3584 epistolis
812 3513 961 3576 Vespasiano
979 3514 1059 3563 missis
1078 3513 1132 3562 elie·

196 3568 273 3679 arcersitf
284 3573 312 3616 ut
325 3581 376 3617 non
393 3582 438 3641 pro
456 3583 498 3632 spe
514 3570 615 3620 Antonii
628 3573 729 3622 consilia
744 3576 855 3650 lectaque
871 3576 926 3637 ejus
944 3575 1130 3626 aestimarentur.

228 3630 248 3680 L
274 3629 294 3678 l.
309 3629 384 3692 AErre
399 3630 425 3679 nl
447 3631 639 3697 pullulemus,
659 3637 684 3684 el
702 3637 800 3698 culpam
817 3651 844 3688 an
857 3637 1001 3694 Muciamm
1014 3638 1131 3700 conterre,
