2524 4088
251 265 444 320 nratocua
463 266 532 322 suu
552 265 847 322 ausonitanae.
977 267 1026 323 tor

11 429 12 432 ,
76 387 209 445 trommcs
220 385 269 456 qui
282 383 402 442 deslcur
413 383 552 455 premiere
562 383 694 456 ieuuasec
704 397 734 441 sc
748 384 811 440 sont
821 379 951 440 lindam
961 382 1027 441 hur-

11 517 12 534 ,
75 484 150 525 reau
165 470 192 528 ot
205 465 222 522 d
235 465 338 522 l’dtudo
353 465 388 522 de
401 465 584 540 l'dloquence.
659 491 661 498 ⁴

118 551 160 607 lx.
176 569 190 604 u
205 551 297 618 Queat
310 546 327 603 d
338 547 367 604 la
379 547 481 620 poesie,
495 548 796 622 alequellellaternus
809 553 876 607 veut
887 563 917 606 se
929 565 1027 607 oonsu-

76 649 145 690 crer
158 648 222 691 sans
236 633 352 706 partage
371 629 435 703 (car
453 632 518 688 c'est
534 631 564 688 la
583 631 730 690 l'oocasion
748 633 783 690 de
801 636 845 690 cet
863 631 1028 706 eatretien),

77 715 136 774 elle
151 717 295 792 n'apporte
308 711 326 769 d
339 729 408 770 ceux
416 714 466 787 qui
476 714 505 771 la
517 713 650 771 cultivent
658 714 690 770 ni
700 714 857 787 honneurs,
871 719 902 772 ni
915 715 1029 789 protits3

76 803 110 856 et
124 798 158 855 ils
173 798 238 854 n'en
258 796 421 856 recueillent
439 796 544 869 qu’une
563 797 734 854 satisfaction
751 799 916 871 pupugere,
938 801 966 856 et
980 799 1030 856 des

11 941 12 944 ,
77 881 176 952 eroges
195 879 312 938 steriles.
334 877 373 936 Ce
392 893 446 951 que
463 877 494 952 J'e
513 878 555 934 dis
573 882 600 934 et
619 893 651 936 ce
669 895 724 953 que
736 881 766 952 je
782 881 854 938 dirai
868 896 936 937 vous
957 880 1031 937 bles-

77 978 147 1020 sera
163 959 318 1034 pent-etro,
338 960 491 1017 Maternae.
514 961 601 1034 Aqui
620 960 720 1033 peut-il
743 960 802 1018 dtre
822 962 893 1018 utile
911 962 1030 1034 qu’rlgu-

76 1060 219 1103 memnon
230 1059 267 1100 ou
278 1043 361 1100 tason
370 1041 481 1114 parient
492 1041 814 1114 eligamurentdausvos
827 1045 960 1100 oeuvrest
972 1046 1031 1100 Est-

76 1127 103 1186 il
118 1142 158 1181 un
172 1126 254 1185 client
266 1125 326 1198 qui,
340 1123 460 1183 delendo
476 1140 528 1197 par
540 1141 589 1182 vos
601 1141 681 1194 vers,
698 1130 794 1182 rentre
812 1126 880 1183 chen
896 1126 937 1183 lui
953 1131 1031 1184 votre

76 1208 196 1282 obligat
215 1211 299 1267 Notre
313 1207 371 1264 arni
385 1210 486 1264 Bassus
500 1212 596 1264 estun
608 1207 744 1266 excellent
757 1209 857 1282 poete,
873 1226 909 1266 ou
923 1211 947 1266 ei
961 1227 1032 1267 vous

77 1292 182 1348 voulea
193 1291 286 1348 meme
301 1290 348 1348 des
360 1291 439 1356 titres
452 1291 515 1362 plus
527 1291 663 1362 glanem,
675 1291 744 1362 c'est
752 1309 793 1348 un
803 1291 894 1350 oracla
905 1291 1029 1361 illustre;

78 1388 243 1448 personne,
261 1387 317 1444 que
327 1372 356 1444 je
367 1371 468 1441 sache,
481 1387 517 1426 ne
531 1371 558 1428 le
569 1371 728 1441 recanduit,
744 1387 780 1428 ne
794 1373 821 1428 le
835 1371 928 1442 salue,
942 1389 977 1428 ne
989 1373 1033 1430 lui

11 1511 13 1534 ,
79 1457 135 1514 tait
145 1454 265 1528 condge.
281 1455 309 1512 Si
322 1452 426 1510 l'unde
439 1456 578 1524 sesamis,
594 1455 617 1513 si
629 1454 689 1510 l’un
703 1454 737 1510 de
751 1470 794 1510 ses
808 1458 932 1526 parents,
943 1455 968 1510 si
977 1455 1032 1510 lui·

11 1535 13 1548 '
79 1537 180 1598 meme
192 1553 221 1594 se
234 1541 332 1594 trouve
352 1535 526 1592 embanusse'
546 1535 616 1592 dans
638 1535 758 1609 quelque
775 1531 889 1606 offane,
909 1551 946 1592 on
963 1550 1033 1593 eura

79 1636 199 1680 recours
210 1617 436 1688 asecundus‚‚0u
450 1615 466 1673 a
479 1633 561 1687 vous,
569 1619 721 1688 Maternus,
733 1619 805 1674 meis
815 1635 873 1675 non
885 1635 1032 1692 parceque

79 1719 154 1761 vous
166 1703 222 1760 dtes
235 1701 330 1776 podte,
349 1717 407 1758 non
426 1717 498 1773 pour
510 1715 564 1771 que
577 1717 646 1757 vous
659 1700 754 1760 sassier
768 1701 817 1758 des
830 1717 911 1772 vers,
931 1717 982 1758 car
992 1702 1033 1759 les

80 1801 150 1842 vers
163 1785 287 1843 naissent
300 1785 370 1840 dans
384 1783 412 1840 le
425 1783 535 1840 maison
548 1781 583 1840 de
597 1784 708 1849 Bassus,
724 1782 847 1856 elegante
858 1787 885 1840 et
898 1784 988 1857 pleins
998 1786 1033 1841 de

11 1927 12 1936 ,
81 1869 200 1928 cherme
206 1887 216 1942 3
239 1871 268 1924 et
281 1866 435 1940 dependant
454 1881 539 1938 voven
558 1864 586 1921 le
607 1865 848 1934 resultat-Quem
861 1865 944 1939 apres
957 1870 1033 1924 toute

11 1939 12 1962 ³
81 1968 144 2012 une
159 1950 260 2023 arurde,
273 1949 295 2007 il
308 1967 326 2007 a
338 1949 445 2023 chaque
456 1949 533 2021 jour,
547 1952 576 2006 et
591 1948 684 2006 urdine
699 1965 756 2008 une
769 1950 874 2021 grande
885 1949 973 2023 partie
985 1951 1032 2007 des

82 2037 174 2106 nuits,
189 2035 247 2110 poli
262 2037 289 2092 et
303 2031 423 2105 saconnd
433 2049 473 2088 un
482 2031 606 2103 volume,
622 2033 643 2100 il
657 2038 698 2089 est
711 2031 803 2089 reduit
816 2031 931 2106 aprica,
946 2031 1032 2090 asol-

82 2120 177 2178 liciter
198 2135 268 2192 pour
291 2121 405 2174 trouver
426 2117 474 2172 des
495 2131 563 2187 gens
587 2116 635 2190 qui
658 2115 791 2188 daignent
813 2115 982 2188 l'entendre3
1006 2121 1033 2172 et

83 2201 182 2277 quand
198 2199 219 2256 il
231 2217 249 2258 a
261 2194 409 2262 rencontrd
420 2199 470 2264 des
482 2199 635 2269 nuditeurs,
647 2213 680 2258 ce
693 2196 764 2255 u'esr
775 2213 824 2271 pus
835 2214 900 2256 sans
911 2197 980 2270 qu’il
991 2197 1033 2254 lui

84 2302 125 2344 on
140 2283 219 2340 oodte
225 2302 235 2355 3
257 2283 279 2340 il
293 2281 350 2340 taut
364 2280 444 2340 louer
461 2281 668 2350 unemaison,
681 2281 805 2354 disposer
817 2295 874 2335 unc
893 2278 981 2350 salle,
1004 2295 1034 2336 se

12 2425 13 2440 ,
85 2382 222 2443 procurer
236 2367 286 2424 des
299 2365 481 2439 banquettes,
504 2363 573 2422 faire
589 2363 686 2422 courir
696 2363 746 2422 des
759 2377 908 2421 annonces.
922 2362 1035 2421 Admet-

86 2523 156 2573 tibus
171 2517 271 2570 retortas
285 2517 369 2570 domos
383 2533 469 2569 eornm
482 2518 592 2573 videmus
616 2518 659 2580 qui
671 2533 696 2568 se
708 2517 739 2569 ab
752 2517 853 2571 ineunte
871 2519 1034 2572 adolescentia

87 2582 170 2636 causis
184 2581 320 2632 forensibus
334 2587 358 2631 et
371 2581 477 2636 oratorio
491 2582 571 2632 studio
584 2557 714 2644 dederunt.
842 2625 845 2633 i

121 2643 166 2694 IX.
180 2659 194 2692 u
210 2645 274 2694 Nam
284 2643 397 2702 ‚cannino
406 2645 536 2708 atvertus,
548 2641 636 2715 quibus
647 2645 722 2706 toturn
732 2643 810 2693 vitam
827 2643 954 2694 Maternus
967 2645 1033 2695 insn-

87 2719 161 2758 mere
171 2709 239 2767 optat
252 2705 319 2770 (iude
333 2705 400 2754 enlm
413 2705 491 2754 omnis
509 2705 578 2754 dunt
591 2704 692 2769 oratio),
705 2718 783 2767 neque
798 2705 942 2766 dignitatem
955 2708 1034 2758 utiam

87 2767 232 2820 auctoribus
241 2768 290 2816 suis
301 2767 429 2818 concilient
440 2781 519 2829 neque
532 2766 634 2816 utilitate
646 2779 686 2816 eos
698 2769 767 2816 alunt
771 2783 780 2832 3
788 2768 938 2829 voluptatem
950 2773 1033 2820 autern

86 2833 204 2894 brevem,
220 2830 318 2878 laudern
334 2829 433 2878 inanem
451 2832 475 2877 et
493 2828 667 2878 intructuosam
686 2843 757 2878 conse
793 2833 876 2878 untur.
894 2832 961 2880 Licet
979 2831 1033 2882 hacc

11 2917 12 2945 v
88 2893 145 2954 ipsa
170 2895 193 2940 ct
205 2891 267 2952 'quae
280 2890 369 2940 deinde
387 2889 496 2939 dicturus
516 2903 580 2952 sum,
599 2903 670 2942 aures
692 2895 750 2954 tuae,
795 2895 888 2955 aterne,
907 2897 1024 2954 respuant

11 2979 12 3005 v
88 2953 133 3004 cui
146 2928 210 3001 loono
224 2952 305 3016 est,·sl
323 2952 387 3013 apud
410 2955 435 3000 to
448 2953 616 3024 Agamemnon
637 2955 679 3001 unt
700 2953 773 3002 lason
796 2951 884 3024 diserte
903 2931 1034 3015 loquitur}

88 3015 148 3078 quis
160 3015 214 3064 idco
227 3015 328 3063 domum
342 3015 456 3063 defensus
467 3018 491 3062 et
501 3017 545 3061 trln
557 3015 676 3076 obligatus
694 3015 773 3062 redit?
790 3029 845 3076 qurs
859 3015 968 3063 Saleium
980 3029 1035 3064 nos-
1070 3042 1072 3047 ·

87 3084 168 3140 trum,
184 3076 310 3138 egregium
324 3078 430 3136 poetam,
443 3076 482 3122 vel
498 3075 523 3122 si·
536 3077 582 3123 tiae
594 3073 795 3124 honorificentius
813 3077 858 3137 est,
878 3075 1035 3136 preclarissi-

86 3153 162 3191 mum
179 3141 269 3202 vatem,
282 3136 380 3186 deducit
394 3139 437 3186 ant
447 3135 538 3184 ¹salutat
552 3138 594 3184 aut
608 3135 781 3197 prosequitur?
795 3149 883 3196 nempe
900 3135 921 3183 si
941 3137 1035 3187 amicus
1080 3133 1082 3138 '
1105 3155 1107 3161 ’

87 3202 156 3314 pipp:
170 3200 190 3248 si
205 3201 364 3312 rusropinguus,
379 3194 401 3246 si
412 3197 516 3307 denitquae
529 3197 585 3306 itpspl
595 3197 623 3306 itu
643 3196 892 3308 ὶῢὲἒῖἓθυξξσῑὶυηί
908 3195 1035 3309 inciperit,

88 3277 215 3387 nequldnvert
224 3273 491 3386 ppprerovprerrpplpufppiag
504 3273 636 3370 :uhi'nonigr'
646 3273 1036 3392 Basso·dominruftlspcr‘rinltjvff,arnoul³

87 3387 146 3440 chri
160 3385 260 3448 quidem
274 3383 421 3447 etjucundi,
433 3397 539 3445 quorum
547 3385 630 3454 tamen
642 3383 683 3430 tuo
694 3385 773 3432 entus
785 3386 831 3456 est,
845 3387 882 3446 ut,
894 3397 972 3444 quum
984 3389 1035 3435 toto

87 3462 157 3500 anno
179 3462 223 3510 per
236 3458 321 3496 omnes
332 3446 384 3496 dies
405 3457 495 3507 magna
506 3447 615 3492 noctrunr
624 3447 692 3506 parte
706 3457 785 3494 unum
799 3445 892 3494 librum
905 3447 1001 3494 excudit
1010 3452 1036 3504 ct

87 3485 254 3574 elucrflrravil,
315 3519 357 3556 are
371 3481 436 3555 u’ltro
451 3510 477 3556 ct
492 3505 588 3578 ‘ambire
609 3507 720 3570 cogatur,
737 3511 764 3556 ut
778 3505 826 3555 sint
843 3507 884 3567 qul
900 3506 1035 3569 dignentur

87 3572 188 3635 audire,
201 3575 227 3621 ct
239 3569 290 3620 ue'
324 3569 422 3631 quidem
436 3572 532 3630 gratis:
549 3582 606 3616 narn
623 3571 648 3616 et
662 3567 764 3618 domum
781 3572 908 3618 mutuatur
928 3572 952 3618 et
966 3569 1035 3618 audi-

88 3633 186 3686 torium
197 3631 294 3682 exstruit
311 3634 335 3680 et
355 3630 469 3680 subsellia
482 3630 597 3680 conducit
610 3633 634 3679 et
647 3629 743 3680 libellos
755 3629 873 3700 dispergit
878 3644 886 3692 ;
899 3631 924 3678 et
935 3630 964 3678 ut
972 3631 1034 3700 ,bea-

89 3697 200 3747 tissimus
214 3693 382 3744 recitationem
394 3690 447 3753 ejus
459 3695 557 3741 eventus
572 3695 739 3756 prosequatur,
754 3691 834 3740 onmis
847 3691 890 3740 rllu
905 3693 956 3740 laus
971 3697 1034 3743 intra
