2492 4080
225 205 274 258 ist
620 210 765 264 recidis.

224 324 347 398 Asinius,
360 329 482 402 quoique
494 327 531 386 nd
544 327 614 386 dens
631 325 669 384 n'n
682 329 774 399 iemps
787 325 849 399 plus
862 325 1017 400 ropproclid
1031 327 1066 384 de
1080 337 1166 389 nous,
1218 329 1219 354 l

125 459 130 466 .
207 447 209 454 ·
225 422 271 464 me
281 409 371 481 paruit
384 413 463 468 avoir
472 409 566 468 eruore
574 427 611 467 ou
623 409 721 468 miiieu
732 410 782 466 des
794 409 938 468 lidndnius
946 415 974 467 et
982 411 1032 467 des
1042 410 1164 484 Appius3

223 491 298 546 corii
307 494 429 566 reppello
435 495 531 552 Accius
539 497 566 549 et
576 493 722 562 Pacuvius,
734 493 962 550 uon-seulement
972 492 1042 550 dens
1055 507 1100 549 ses
1110 494 1166 548 ira·

225 571 332 645 gedies,
357 577 430 634 meis
448 577 523 634 aussi
539 576 609 632 dens
626 591 670 634 ses
687 589 762 643 vers,
777 578 836 631 ient
854 575 876 630 il
887 577 929 632 est
943 574 996 630 dur
1008 577 1038 630 et
1051 589 1109 632 seo.
1124 575 1166 632 Uu

224 653 360 727 discours,
372 673 407 714 en
424 657 499 728 silet,
513 661 678 714 estromme
689 658 716 714 le
730 672 810 730 corps
821 657 856 714 de
869 657 1016 729 l’bomme,
1029 658 1082 731 qui
1094 658 1166 716 n'est

225 735 296 796 besu
311 755 366 812 que
379 742 474 815 quand
490 742 530 798 les
543 743 640 800 veines
658 757 695 798 ne
708 741 769 800 iout
781 757 834 814 pes
852 741 952 810 saiiiie,
966 740 1063 813 quand
1077 756 1117 797 on
1132 755 1166 796 ue

226 826 333 896 compte
346 840 396 897 pes
409 825 451 882 les
464 841 506 896 os,
521 825 616 899 queud
629 839 670 882 un
683 839 752 897 sung
765 823 856 882 cclme
870 830 897 880 et
912 825 973 880 scin
981 822 1088 880 ciroule
1097 822 1167 880 dans

225 900 266 962 ies
279 908 431 977 membres,
448 908 511 964 leur
524 908 616 964 donne
629 907 658 964 la
676 907 809 976 rondeur,
824 905 937 979 deguise
950 904 993 962 les
1007 903 1088 962 neris
1102 919 1166 962 sous

225 1003 266 1046 un
280 987 378 1046 rdseeu
392 989 493 1047 colore.
512 992 543 1048 Je
560 1005 597 1047 ne
615 1005 688 1048 veux
706 990 785 1063 point
803 991 930 1062 ottoquer
948 987 1089 1044 Corvinus
1108 1004 1116 1042 :
1137 1001 1167 1044 ce

225 1071 297 1128 n’est
309 1071 387 1144 point
397 1087 428 1128 sc
436 1070 511 1130 iente
520 1073 564 1128 s'ii
574 1073 621 1130 u’e
629 1087 680 1146 pas
689 1072 805 1146 de'pioye
818 1071 909 1129 l'eciet
917 1069 994 1128 oties
1004 1069 1166 1142 agrdmeuts

225 1151 261 1208 do
274 1152 445 1227 I’tloquence
462 1154 606 1214 moderue.
623 1155 646 1211 ii
660 1155 720 1212 iout
733 1157 794 1212 roir
812 1154 966 1212 seulement
976 1152 1091 1226 jusqu’b
1104 1152 1167 1226 quel

226 1235 304 1308 point
317 1234 338 1291 il
352 1251 371 1293 c
383 1236 427 1293 die
441 1237 516 1295 servi
526 1253 577 1310 par
591 1237 619 1295 io
632 1237 747 1296 chalem
758 1238 793 1296 de
805 1253 855 1296 sou
870 1237 933 1296 ime
942 1241 971 1294 et
985 1235 1167 1310 lepuisseuoe

226 1315 261 1372 de
274 1331 324 1373 son
335 1318 429 1390 esprit.
572 1337 575 1342 ·
773 1336 775 1342 ·
794 1335 796 1340 ·
907 1363 910 1370 .

260 1401 336 1456 xxii.
353 1402 498 1460 si’arrive
511 1401 529 1460 'c
543 1401 669 1474 Gioe'ron,
687 1404 736 1476 qui
753 1403 858 1480 soutint
872 1405 967 1460 oontre
981 1417 1027 1459 ses
1040 1404 1166 1460 oontem-

227 1484 338 1556 porains
351 1501 407 1542 une
421 1486 492 1543 luite
505 1485 621 1559 porcille
635 1486 733 1546 boelis
746 1502 801 1561 que
812 1486 842 1559 je
852 1487 971 1542 souliers
979 1488 1078 1542 contre
1087 1501 1164 1542 vous.

227 1566 262 1622 ils
271 1567 486 1626 admireientles
495 1571 620 1640 enciens3
634 1569 805 1642 ilprdidreit‚
819 1571 871 1639 lui,
886 1568 1058 1641 l’dioquence
1073 1567 1165 1626 deson

226 1654 327 1724 temps,
343 1655 371 1708 ei
382 1653 449 1711 c’est
464 1656 572 1710 surtout
585 1669 636 1726 per
649 1653 676 1710 ie
690 1653 757 1726 gorit
767 1651 835 1726 qu'ii
849 1653 972 1723 devince
985 1652 1028 1709 les
1043 1653 1167 1708 orateurs

226 1735 261 1790 de
274 1751 325 1792 son
337 1735 453 1809 epoque.
471 1737 507 1793 Le
520 1736 655 1810 premier,
668 1737 686 1792 ii
701 1736 830 1794 transilio
844 1752 892 1794 son
909 1734 1034 1793 discours
1039 1753 1049 1807 3
1064 1733 1168 1806 lepre·
1218 1739 1219 1756 ¹

226 1818 309 1887 mter,
321 1819 342 1874 ii
356 1818 454 1893 choisit
469 1820 509 1876 ies
522 1824 594 1876 mois
608 1824 635 1877 et
647 1821 700 1878 mit
712 1820 746 1877 de
769 1819 834 1878 l'ari
846 1819 916 1876 dens
930 1819 959 1874 ic
972 1819 1165 1892 composition.

227 1895 247 1952 ii
267 1898 362 1970 risque
383 1899 458 1954 eiust
480 1899 615 1971 quelques
636 1914 787 1958 morceeux
805 1897 868 1972 plus
888 1897 1034 1966 brillents,
1059 1901 1168 1956 surtout

226 1980 295 2038 dens
309 1980 350 2036 ies
363 1981 485 2038 discours
499 1982 567 2054 qu'il
579 1997 708 2056 composa
721 1982 791 2040 deus
802 1997 834 2038 sn
843 1980 979 2038 vieillesse
988 1985 1016 2038 et
1024 1997 1062 2038 au
1076 1979 1166 2038 ddclin

226 2065 261 2123 de
276 2079 306 2120 se
319 2064 375 2135 vie,
390 2063 560 2123 e’est-e-dire
573 2065 698 2140 lorsqu'ii
711 2065 787 2122 avait
800 2065 827 2122 le
838 2065 902 2138 pius
915 2064 1025 2138 profire,
1039 2062 1165 2138 lorsqu’ii

225 2148 301 2206 croit
318 2147 432 2222 appris5
450 2164 502 2222 per
519 2148 623 2221 l’usege
642 2152 671 2210 ei
691 2149 883 2222 l'exptrience,
897 2149 964 2221 quei
978 2163 1067 2220 genre
1082 2147 1168 2206 d’eio-

226 2246 333 2306 quence
352 2230 418 2288 eicit
438 2231 602 2304 preferable.
618 2234 661 2290 lin
681 2230 757 2302 silet,
772 2247 815 2289 ses
830 2231 967 2304 premiere
980 2231 1107 2290 discours
1120 2234 1169 2290 oui

226 2315 426 2389 quelques-uns
443 2315 491 2372 des
509 2315 617 2372 ddieuts
634 2315 668 2372 de
686 2313 851 2389 l'cniiquiie.
870 2313 894 2370 ll
906 2317 946 2371 est
959 2312 1087 2372 treinunt
1100 2313 1169 2374 deus

226 2522 302 2574 quum
314 2506 409 2571 Cicero,
422 2506 464 2556 sod
477 2504 583 2567 felicius,
595 2505 654 2568 quic
664 2504 719 2555 illos
730 2503 814 2554 iecisse
826 2503 954 2568 pauciores
966 2504 1058 2555 sciunt.
1070 2506 1170 2561 Asinius

226 2585 337 2638 quoque,
351 2583 501 2632 quemquem
514 2567 668 2630 propioribus
683 2567 833 2628 temporibus
846 2571 916 2618 nutus
934 2567 978 2629 sit,
988 2567 1089 2617 ridetur
1108 2572 1170 2622 mibi

227 2635 291 2684 inter
307 2631 432 2683 Menenios
447 2633 471 2678 et
484 2630 574 2692 Appios
590 2629 720 2679 studuisse.
734 2628 870 2678 Pacuvium
885 2635 950 2678 cerie
966 2632 990 2678 et
1005 2630 1109 2680 Accium
1122 2648 1171 2684 nou

227 2699 307 2746 solum
320 2692 455 2756 trugoediis,
469 2692 599 2741 sedetiam
613 2690 761 2740 orationibus
774 2691 823 2740 suis
838 2690 971 2752 expressit:
984 2691 1046 2740 odeo
1058 2693 1135 2744 durus
1146 2702 1171 2746 et

228 2758 306 2807 siccus
319 2759 364 2804 est.
382 2754 465 2804 Oratio
480 2756 576 2818 cutem,
592 2751 653 2802 sicut
668 2766 756 2814 corpus
772 2752 893 2816 bominis,
908 2752 1053 2802 eudemum
1068 2755 1170 2817 pulchro

228 2822 274 2882 est,
288 2817 314 2865 in
328 2830 378 2878 qua
391 2828 441 2863 non
452 2815 560 2864 eminent
573 2828 640 2865 venae
654 2829 699 2864 neo
713 2828 767 2863 ossa
779 2818 949 2878 numerentur,
963 2815 1007 2863 sod
1018 2818 1169 2878 temperetur

228 2895 257 2931 oc
275 2881 353 2930 bonus
366 2876 464 2937 sanguis
482 2876 568 2936 impiet
581 2877 692 2926 membru
708 2880 732 2926 et
750 2876 858 2938 exsurgit
876 2876 935 2925 toris
953 2876 1065 2938 ipsosque
1085 2894 1169 2931 nervos

228 2944 318 2993 rubore
330 2939 389 3002 tegit
400 2942 424 2988 ei
435 2939 523 2988 decore
537 2939 700 2988 commendat.
715 2939 776 2987 Nolo
788 2938 920 2987 Corvinum
931 2938 1037 3001 insequi,
1051 2941 1111 3002 quiu
1122 2957 1168 2992 non

228 3005 365 3068 peripsum
381 2999 458 3064 stetit,
473 2999 602 3061 quominus
622 3001 732 3050 iaetitium
751 2999 904 3060 nitoremque
922 3005 1062 3050 nostrorum
1076 3011 1169 3066 tempo

228 3081 284 3118 rum
299 3063 450 3126 exprimeret.
469 3061 601 3112 viderimus
618 3061 643 3112 in
662 3065 782 3125 quantum
797 3061 891 3124 judicio
908 3061 962 3125 ejus
979 3061 1016 3110 ris
1032 3067 1077 3114 eut
1096 3067 1168 3117 enimi

228 3131 270 3180 out
284 3126 376 3190 ingenii
389 3123 521 3174 suiiecerii.

228 3251 279 3301 suis
293 3251 348 3311 init,
361 3261 416 3310 quae
429 3249 490 3298 mibi
500 3249 626 3297 uobiscum
637 3249 681 3296 est.
693 3245 731 3296 illi
742 3247 808 3295 enim
822 3247 935 3308 antiquos
946 3247 1110 3313 mirabuntur,
1123 3253 1170 3313 ipso

228 3327 329 3362 snorum
343 3316 481 3371 temporum
492 3310 657 3369 eloquentium
671 3309 843 3370 anteponebut3
856 3322 901 3357 nec
914 3309 966 3357 nilo
975 3323 1003 3358 re
1017 3311 1097 3372 magis
1109 3313 1172 3372 cius·

229 3377 286 3426 dem
302 3373 381 3424 aetuiis
399 3375 506 3420 oratores
520 3370 650 3432 praecurrit
666 3383 741 3431 quom
752 3369 855 3430 judicio.
872 3369 966 3443 primus
980 3369 1047 3419 enim
1065 3375 1171 3425 excoluit

229 3437 378 3498 orobionem,
393 3433 487 3494 primus
507 3437 530 3480 et
546 3433 624 3481 verbis
642 3432 766 3481 deiectum
781 3432 894 3481 odbiburt
908 3434 933 3480 et
947 3433 1119 3494 compositioni
1136 3451 1173 3486 ur·

230 3506 279 3552 tom
286 3517 294 3565 ;
310 3501 374 3548 iocos
385 3507 482 3558 quoque
495 3492 601 3543 iaeiiores
615 3494 742 3544 attentavit
756 3496 779 3544 et
791 3495 910 3555 quosdam
923 3493 1056 3544 sententies
1070 3495 1171 3563 invonit,

205 3571 212 3584 ¹
230 3563 314 3626 utique
325 3561 353 3610 in
365 3559 394 3608 iis
408 3555 557 3606 orationibus
568 3570 627 3617 ques
639 3555 722 3606 senior
731 3555 785 3617 jem
796 3557 821 3604 et
833 3556 903 3616 iuxta
917 3556 992 3606 finem
1005 3557 1063 3606 riiae
1074 3572 1172 3624 compo-

222 3626 288 3690 suit,
300 3624 325 3674 id
336 3625 383 3685 est,
394 3624 525 3684 postquem
536 3617 611 3682 magis
625 3619 770 3682 proiecerat,
782 3631 876 3680 usuque
889 3620 913 3668 et
925 3617 1101 3681 experimentis
1111 3621 1172 3672 didi-

108 3217 110 3224 ι
174 3211 177 3216 ¹
259 3191 336 3240 iiiiii.
354 3205 367 3235 »
381 3187 419 3236 Ad
435 3186 579 3237 Ciceronem
595 3182 682 3247 renio,
698 3183 738 3233 cui
756 3183 843 3234 eodem
860 3197 941 3248 pugno
960 3198 1017 3233 cum
1036 3189 1170 3248 oequoiibus
1218 3233 1219 3236 ,
