<?xml version="1.0" encoding="UTF-8"?>
<!DOCTYPE html PUBLIC "-//W3C//DTD XHTML 1.0 Transitional//EN"
    "http://www.w3.org/TR/xhtml1/DTD/xhtml1-transitional.dtd">
<html xmlns="http://www.w3.org/1999/xhtml" xml:lang="en" lang="en">
 <head>
  <title>
</title>
<meta http-equiv="Content-Type" content="text/html;charset=utf-8" />
  <meta name='ocr-system' content='tesseract 3.04.00' />
  <meta name='ocr-capabilities' content='ocr_page ocr_carea ocr_par ocr_line ocrx_word'/>
</head>
<body>
  <div class='ocr_page' id='page_1' title='image "./oeuvrescompltes01tacigoog_0487.png"; bbox 0 0 2492 4080; ppageno 0'>
   <div class='ocr_carea' id='block_1_1' title="bbox 241 251 782 310">
    <p class='ocr_par' dir='ltr' id='par_1_1' title="bbox 241 251 782 310">
     <span class='ocr_line' id='line_1_1' title="bbox 241 251 782 310; baseline 0.007 -6"><span class='ocrx_word' id='word_1_1' title='bbox 241 251 292 305; x_wconf 70' lang='lat'>478</span> <span class='ocrx_word' id='word_1_2' title='bbox 640 256 681 308; x_wconf 85' lang='lat' dir='ltr'>TA</span> <span class='ocrx_word' id='word_1_3' title='bbox 691 257 782 310; x_wconf 77' lang='lat' dir='ltr'>cira.</span> 
     </span>
    </p>
   </div>
   <div class='ocr_carea' id='block_1_2' title="bbox 135 367 1235 2346">
    <p class='ocr_par' dir='ltr' id='par_1_2' title="bbox 135 367 1187 852">
     <span class='ocr_line' id='line_1_2' title="bbox 240 367 1187 442; baseline 0.001 -18"><span class='ocrx_word' id='word_1_4' title='bbox 240 370 482 424; x_wconf 83' lang='lat' dir='ltr'>commeneement</span> <span class='ocrx_word' id='word_1_5' title='bbox 492 367 528 424; x_wconf 87' lang='lat' dir='ltr'>de</span> <span class='ocrx_word' id='word_1_6' title='bbox 541 383 572 425; x_wconf 86' lang='lat' dir='ltr'>re</span> <span class='ocrx_word' id='word_1_7' title='bbox 584 367 672 440; x_wconf 73' lang='lat' dir='ltr'>regne</span> <span class='ocrx_word' id='word_1_8' title='bbox 687 369 813 427; x_wconf 80' lang='lat' dir='ltr'>heureux</span> <span class='ocrx_word' id='word_1_9' title='bbox 823 385 879 442; x_wconf 91' lang='lat' dir='ltr'>que</span> <span class='ocrx_word' id='word_1_10' title='bbox 890 369 1040 442; x_wconf 87' lang='lat' dir='ltr'>Vespasien</span> <span class='ocrx_word' id='word_1_11' title='bbox 1054 385 1187 430; x_wconf 80' lang='lat' dir='ltr'>consuere</span> 
     </span>
     <span class='ocr_line' id='line_1_3' title="bbox 240 445 1187 520; baseline 0.001 -18"><span class='ocrx_word' id='word_1_12' title='bbox 240 460 278 502; x_wconf 88' lang='lat' dir='ltr'>au</span> <span class='ocrx_word' id='word_1_13' title='bbox 290 445 355 501; x_wconf 90' lang='lat' dir='ltr'>bien</span> <span class='ocrx_word' id='word_1_14' title='bbox 370 446 405 504; x_wconf 84' lang='lat' dir='ltr'>de</span> <span class='ocrx_word' id='word_1_15' title='bbox 418 446 447 504; x_wconf 89' lang='lat' dir='ltr'>la</span> <span class='ocrx_word' id='word_1_16' title='bbox 463 445 638 520; x_wconf 72' lang='lat' dir='ltr'>republique,</span> <span class='ocrx_word' id='word_1_17' title='bbox 653 450 681 504; x_wconf 86' lang='lat' dir='ltr'>at</span> <span class='ocrx_word' id='word_1_18' title='bbox 698 464 767 504; x_wconf 86' lang='lat' dir='ltr'>rous</span> <span class='ocrx_word' id='word_1_19' title='bbox 785 450 929 505; x_wconf 83' lang='lat' dir='ltr'>trouverez</span> <span class='ocrx_word' id='word_1_20' title='bbox 949 453 1012 504; x_wconf 85' lang='lat' dir='ltr'>cent</span> <span class='ocrx_word' id='word_1_21' title='bbox 1033 448 1112 520; x_wconf 75' lang='lat' dir='ltr'>vingt</span> <span class='ocrx_word' id='word_1_22' title='bbox 1135 463 1187 503; x_wconf 86' lang='lat' dir='ltr'>ans</span> 
     </span>
     <span class='ocr_line' id='line_1_4' title="bbox 240 527 1186 604; baseline 0 -21"><span class='ocrx_word' id='word_1_23' title='bbox 240 527 337 600; x_wconf 88' lang='lat' dir='ltr'>depuis</span> <span class='ocrx_word' id='word_1_24' title='bbox 347 528 376 586; x_wconf 94' lang='lat' dir='ltr'>la</span> <span class='ocrx_word' id='word_1_25' title='bbox 390 533 466 585; x_wconf 83' lang='lat' dir='ltr'>mort</span> <span class='ocrx_word' id='word_1_26' title='bbox 477 529 512 585; x_wconf 89' lang='lat' dir='ltr'>de</span> <span class='ocrx_word' id='word_1_27' title='bbox 522 528 637 586; x_wconf 75' lang='lat' dir='ltr'>ciceron</span> <span class='ocrx_word' id='word_1_28' title='bbox 648 528 758 603; x_wconf 79' lang='lat' dir='ltr'>Jusqu’b</span> <span class='ocrx_word' id='word_1_29' title='bbox 771 546 822 588; x_wconf 91' lang='lat' dir='ltr'>nos</span> <span class='ocrx_word' id='word_1_30' title='bbox 833 531 920 604; x_wconf 85' lang='lat' dir='ltr'>jours.</span> <span class='ocrx_word' id='word_1_31' title='bbox 936 531 1007 586; x_wconf 83' lang='lat' dir='ltr'>G&#39;est</span> <span class='ocrx_word' id='word_1_32' title='bbox 1017 530 1045 586; x_wconf 84' lang='lat' dir='ltr'>ln</span> <span class='ocrx_word' id='word_1_33' title='bbox 1058 531 1105 586; x_wconf 84' lang='lat' dir='ltr'>rie</span> <span class='ocrx_word' id='word_1_34' title='bbox 1119 529 1186 585; x_wconf 90' lang='lat' dir='ltr'>d&#39;un</span> 
     </span>
     <span class='ocr_line' id='line_1_5' title="bbox 135 611 1186 686; baseline -0.001 -19"><span class='ocrx_word' id='word_1_35' title='bbox 135 617 138 628; x_wconf 83' lang='lat'>&#39;</span> <span class='ocrx_word' id='word_1_36' title='bbox 241 611 300 668; x_wconf 89' lang='lat' dir='ltr'>seul</span> <span class='ocrx_word' id='word_1_37' title='bbox 311 611 437 682; x_wconf 79' lang='lat' dir='ltr'>homme,</span> <span class='ocrx_word' id='word_1_38' title='bbox 446 623 494 670; x_wconf 84' lang='lat' dir='ltr'>car</span> <span class='ocrx_word' id='word_1_39' title='bbox 506 613 535 684; x_wconf 84' lang='lat' dir='ltr'>je</span> <span class='ocrx_word' id='word_1_40' title='bbox 547 623 593 668; x_wconf 87' lang='lat' dir='ltr'>me</span> <span class='ocrx_word' id='word_1_41' title='bbox 601 613 723 686; x_wconf 86' lang='lat' dir='ltr'>rappalle</span> <span class='ocrx_word' id='word_1_42' title='bbox 735 614 858 670; x_wconf 85' lang='lat' dir='ltr'>aroirvn</span> <span class='ocrx_word' id='word_1_43' title='bbox 871 613 940 670; x_wconf 88' lang='lat' dir='ltr'>dans</span> <span class='ocrx_word' id='word_1_44' title='bbox 953 611 981 668; x_wconf 87' lang='lat' dir='ltr'>la</span> <span class='ocrx_word' id='word_1_45' title='bbox 995 615 1135 684; x_wconf 83' lang='lat' dir='ltr'>Bretagne</span> <span class='ocrx_word' id='word_1_46' title='bbox 1148 628 1186 666; x_wconf 90' lang='lat' dir='ltr'>un</span> 
     </span>
     <span class='ocr_line' id='line_1_6' title="bbox 241 693 1187 775; baseline 0.003 -28"><span class='ocrx_word' id='word_1_47' title='bbox 241 693 367 751; x_wconf 85' lang='lat' dir='ltr'>vieillard</span> <span class='ocrx_word' id='word_1_48' title='bbox 385 695 434 767; x_wconf 92' lang='lat' dir='ltr'>qui</span> <span class='ocrx_word' id='word_1_49' title='bbox 453 695 535 752; x_wconf 87' lang='lat' dir='ltr'>disait</span> <span class='ocrx_word' id='word_1_50' title='bbox 554 695 633 752; x_wconf 86' lang='lat' dir='ltr'>avoir</span> <span class='ocrx_word' id='word_1_51' title='bbox 651 697 714 767; x_wconf 90' lang='lat' dir='ltr'>pris·</span> <span class='ocrx_word' id='word_1_52' title='bbox 728 699 791 768; x_wconf 86' lang='lat' dir='ltr'>part</span> <span class='ocrx_word' id='word_1_53' title='bbox 805 711 849 752; x_wconf 78' lang='lat' dir='ltr'>&#39;au</span> <span class='ocrx_word' id='word_1_54' title='bbox 868 696 977 752; x_wconf 82' lang='lat' dir='ltr'>combat</span> <span class='ocrx_word' id='word_1_55' title='bbox 989 695 1064 775; x_wconf 31' lang='lat' dir='ltr'>&#39;livre‘</span> <span class='ocrx_word' id='word_1_56' title='bbox 1078 711 1130 767; x_wconf 91' lang='lat' dir='ltr'>par</span> <span class='ocrx_word' id='word_1_57' title='bbox 1147 694 1187 750; x_wconf 92' lang='lat' dir='ltr'>les</span> 
     </span>
     <span class='ocr_line' id='line_1_7' title="bbox 241 778 1186 852; baseline -0.002 -18"><span class='ocrx_word' id='word_1_58' title='bbox 241 778 355 836; x_wconf 88' lang='lat' dir='ltr'>Bretons</span> <span class='ocrx_word' id='word_1_59' title='bbox 368 781 463 840; x_wconf 68' lang='lat' dir='ltr'>conoe</span> <span class='ocrx_word' id='word_1_60' title='bbox 476 779 569 849; x_wconf 74' lang='lat' dir='ltr'>Cesar,</span> <span class='ocrx_word' id='word_1_61' title='bbox 578 795 655 852; x_wconf 88' lang='lat' dir='ltr'>pour</span> <span class='ocrx_word' id='word_1_62' title='bbox 669 779 776 836; x_wconf 75' lang='lat' dir='ltr'>emrter</span> <span class='ocrx_word' id='word_1_63' title='bbox 789 780 827 835; x_wconf 89' lang='lat' dir='ltr'>dn</span> <span class='ocrx_word' id='word_1_64' title='bbox 844 780 941 852; x_wconf 84' lang='lat' dir='ltr'>rivage</span> <span class='ocrx_word' id='word_1_65' title='bbox 955 781 983 836; x_wconf 90' lang='lat' dir='ltr'>et</span> <span class='ocrx_word' id='word_1_66' title='bbox 995 793 1143 849; x_wconf 87' lang='lat' dir='ltr'>reponsser</span> <span class='ocrx_word' id='word_1_67' title='bbox 1155 793 1186 833; x_wconf 87' lang='lat' dir='ltr'>ce</span> 
     </span>
    </p>

    <p class='ocr_par' dir='ltr' id='par_1_3' title="bbox 193 859 1187 1430">
     <span class='ocr_line' id='line_1_8' title="bbox 193 859 1186 934; baseline -0.002 -18"><span class='ocrx_word' id='word_1_68' title='bbox 193 893 197 898; x_wconf 93' lang='lat'><em>·</em></span> <span class='ocrx_word' id='word_1_69' title='bbox 242 860 332 933; x_wconf 85' lang='lat' dir='ltr'>grand</span> <span class='ocrx_word' id='word_1_70' title='bbox 345 859 460 919; x_wconf 87' lang='lat' dir='ltr'>homme</span> <span class='ocrx_word' id='word_1_71' title='bbox 481 877 517 918; x_wconf 84' lang='lat' dir='ltr'>ou</span> <span class='ocrx_word' id='word_1_72' title='bbox 538 866 665 918; x_wconf 84' lang='lat' dir='ltr'><strong>moment</strong></span> <span class='ocrx_word' id='word_1_73' title='bbox 679 860 716 918; x_wconf 85' lang='lat' dir='ltr'>oir</span> <span class='ocrx_word' id='word_1_74' title='bbox 729 863 751 920; x_wconf 91' lang='lat' dir='ltr'>il</span> <span class='ocrx_word' id='word_1_75' title='bbox 764 862 928 934; x_wconf 76' lang='lat' dir='ltr'>dibarquait</span> <span class='ocrx_word' id='word_1_76' title='bbox 942 861 1011 918; x_wconf 86' lang='lat' dir='ltr'>dans</span> <span class='ocrx_word' id='word_1_77' title='bbox 1025 859 1092 916; x_wconf 86' lang='lat' dir='ltr'>l&#39;ile.</span> <span class='ocrx_word' id='word_1_78' title='bbox 1112 859 1143 916; x_wconf 89' lang='lat' dir='ltr'>Si</span> <span class='ocrx_word' id='word_1_79' title='bbox 1155 875 1186 914; x_wconf 90' lang='lat' dir='ltr'>ce</span> 
     </span>
     <span class='ocr_line' id='line_1_9' title="bbox 240 942 1186 1017; baseline -0.003 -17"><span class='ocrx_word' id='word_1_80' title='bbox 240 942 340 1013; x_wconf 86' lang='lat' dir='ltr'>soldnt,</span> <span class='ocrx_word' id='word_1_81' title='bbox 354 945 402 1017; x_wconf 92' lang='lat' dir='ltr'>qui</span> <span class='ocrx_word' id='word_1_82' title='bbox 416 944 559 1002; x_wconf 89' lang='lat' dir='ltr'>combattit</span> <span class='ocrx_word' id='word_1_83' title='bbox 579 947 674 1012; x_wconf 87' lang='lat' dir='ltr'>contre</span> <span class='ocrx_word' id='word_1_84' title='bbox 694 945 786 1014; x_wconf 83' lang='lat' dir='ltr'>Ce&#39;sar,</span> <span class='ocrx_word' id='word_1_85' title='bbox 806 945 874 1002; x_wconf 86' lang='lat' dir='ltr'>e&#39;tnit</span> <span class='ocrx_word' id='word_1_86' title='bbox 892 960 966 1000; x_wconf 86' lang='lat' dir='ltr'>renu</span> <span class='ocrx_word' id='word_1_87' title='bbox 985 943 1114 1012; x_wconf 79' lang='lat' dir='ltr'>allome,</span> <span class='ocrx_word' id='word_1_88' title='bbox 1134 943 1186 998; x_wconf 88' lang='lat' dir='ltr'>soit</span> 
     </span>
     <span class='ocr_line' id='line_1_10' title="bbox 240 1024 1186 1100; baseline 0.001 -18"><span class='ocrx_word' id='word_1_89' title='bbox 240 1040 352 1084; x_wconf 82' lang='lat' dir='ltr'>comme</span> <span class='ocrx_word' id='word_1_90' title='bbox 364 1026 458 1099; x_wconf 77' lang='lat' dir='ltr'>captis,</span> <span class='ocrx_word' id='word_1_91' title='bbox 469 1029 523 1084; x_wconf 87' lang='lat' dir='ltr'>soit</span> <span class='ocrx_word' id='word_1_92' title='bbox 534 1027 568 1083; x_wconf 87' lang='lat' dir='ltr'>de</span> <span class='ocrx_word' id='word_1_93' title='bbox 582 1043 633 1084; x_wconf 91' lang='lat' dir='ltr'>son</span> <span class='ocrx_word' id='word_1_94' title='bbox 645 1027 719 1099; x_wconf 88' lang='lat' dir='ltr'>plain</span> <span class='ocrx_word' id='word_1_95' title='bbox 734 1027 795 1099; x_wconf 74' lang='lat' dir='ltr'>gri,</span> <span class='ocrx_word' id='word_1_96' title='bbox 804 1028 856 1084; x_wconf 88' lang='lat' dir='ltr'>soit</span> <span class='ocrx_word' id='word_1_97' title='bbox 864 1025 1009 1100; x_wconf 84' lang='lat' dir='ltr'>parl&#39;effet</span> <span class='ocrx_word' id='word_1_98' title='bbox 1021 1024 1056 1082; x_wconf 85' lang='lat' dir='ltr'>da</span> <span class='ocrx_word' id='word_1_99' title='bbox 1066 1024 1186 1098; x_wconf 83' lang='lat' dir='ltr'>quelque</span> 
     </span>
     <span class='ocr_line' id='line_1_11' title="bbox 241 1107 1187 1182; baseline 0.002 -19"><span class='ocrx_word' id='word_1_100' title='bbox 241 1107 356 1178; x_wconf 82' lang='lat' dir='ltr'>hasard,</span> <span class='ocrx_word' id='word_1_101' title='bbox 371 1109 493 1166; x_wconf 85' lang='lat' dir='ltr'>ilanrait</span> <span class='ocrx_word' id='word_1_102' title='bbox 506 1126 556 1182; x_wconf 93' lang='lat' dir='ltr'>pu,</span> <span class='ocrx_word' id='word_1_103' title='bbox 574 1109 656 1182; x_wconf 73' lang='lat' dir='ltr'>apr‘es</span> <span class='ocrx_word' id='word_1_104' title='bbox 670 1110 747 1166; x_wconf 87' lang='lat' dir='ltr'>avoir</span> <span class='ocrx_word' id='word_1_105' title='bbox 759 1109 889 1166; x_wconf 65' lang='lat' dir='ltr'>&#39;entendu</span> <span class='ocrx_word' id='word_1_106' title='bbox 902 1108 982 1166; x_wconf 79' lang='lat' dir='ltr'>Gesar</span> <span class='ocrx_word' id='word_1_107' title='bbox 994 1108 1147 1166; x_wconf 79' lang='lat' dir='ltr'>lui-meme</span> <span class='ocrx_word' id='word_1_108' title='bbox 1159 1114 1187 1165; x_wconf 87' lang='lat' dir='ltr'>et</span> 
     </span>
     <span class='ocr_line' id='line_1_12' title="bbox 240 1189 1184 1266; baseline -0.002 -18"><span class='ocrx_word' id='word_1_109' title='bbox 240 1189 372 1260; x_wconf 73' lang='lat' dir='ltr'>(liceron,¹</span> <span class='ocrx_word' id='word_1_110' title='bbox 384 1191 525 1250; x_wconf 73' lang='lat' dir='ltr'>assistere</span> <span class='ocrx_word' id='word_1_111' title='bbox 545 1209 597 1248; x_wconf 90' lang='lat' dir='ltr'>nos</span> <span class='ocrx_word' id='word_1_112' title='bbox 609 1192 782 1266; x_wconf 52' lang='lat' dir='ltr'>plaidoiriesr</span> <span class='ocrx_word' id='word_1_113' title='bbox 799 1195 843 1249; x_wconf 91' lang='lat' dir='ltr'>Au</span> <span class='ocrx_word' id='word_1_114' title='bbox 863 1193 973 1250; x_wconf 83' lang='lat' dir='ltr'>dernier</span> <span class='ocrx_word' id='word_1_115' title='bbox 995 1195 1184 1263; x_wconf 68' lang='lat' dir='ltr'>montorium,</span> 
     </span>
     <span class='ocr_line' id='line_1_13' title="bbox 241 1274 1187 1347; baseline 0.005 -20"><span class='ocrx_word' id='word_1_116' title='bbox 241 1288 311 1330; x_wconf 85' lang='lat' dir='ltr'>rous</span> <span class='ocrx_word' id='word_1_117' title='bbox 325 1289 391 1332; x_wconf 83' lang='lat' dir='ltr'>areu</span> <span class='ocrx_word' id='word_1_118' title='bbox 405 1291 444 1332; x_wconf 83' lang='lat' dir='ltr'>ru</span> <span class='ocrx_word' id='word_1_119' title='bbox 455 1274 647 1332; x_wconf 80' lang='lat' dir='ltr'>rous-memes</span> <span class='ocrx_word' id='word_1_120' title='bbox 665 1274 801 1347; x_wconf 82' lang='lat' dir='ltr'><strong>plusieurs</strong></span> <span class='ocrx_word' id='word_1_121' title='bbox 818 1274 956 1332; x_wconf 81' lang='lat' dir='ltr'>vieillanls</span> <span class='ocrx_word' id='word_1_122' title='bbox 967 1275 1017 1347; x_wconf 94' lang='lat' dir='ltr'>qui</span> <span class='ocrx_word' id='word_1_123' title='bbox 1031 1277 1187 1344; x_wconf 81' lang='lat' dir='ltr'>essuraient</span> 
     </span>
     <span class='ocr_line' id='line_1_14' title="bbox 241 1356 1186 1430; baseline 0.003 -18"><span class='ocrx_word' id='word_1_124' title='bbox 241 1358 321 1412; x_wconf 79' lang='lat' dir='ltr'>avoir</span> <span class='ocrx_word' id='word_1_125' title='bbox 333 1372 401 1428; x_wconf 79' lang='lat' dir='ltr'>rapu</span> <span class='ocrx_word' id='word_1_126' title='bbox 414 1373 472 1416; x_wconf 90' lang='lat' dir='ltr'>une</span> <span class='ocrx_word' id='word_1_127' title='bbox 484 1375 521 1416; x_wconf 93' lang='lat' dir='ltr'>ou</span> <span class='ocrx_word' id='word_1_128' title='bbox 534 1358 605 1415; x_wconf 84' lang='lat' dir='ltr'>deur</span> <span class='ocrx_word' id='word_1_129' title='bbox 621 1357 673 1414; x_wconf 85' lang='lat' dir='ltr'>lois</span> <span class='ocrx_word' id='word_1_130' title='bbox 686 1358 756 1414; x_wconf 87' lang='lat' dir='ltr'>cette</span> <span class='ocrx_word' id='word_1_131' title='bbox 770 1357 864 1414; x_wconf 77' lang='lat' dir='ltr'>meme</span> <span class='ocrx_word' id='word_1_132' title='bbox 876 1356 1012 1414; x_wconf 73' lang='lat' dir='ltr'>liberalite</span> <span class='ocrx_word' id='word_1_133' title='bbox 1021 1357 1186 1430; x_wconf 84' lang='lat' dir='ltr'>d&#39;Auguste,</span> 
     </span>
    </p>

    <p class='ocr_par' dir='ltr' id='par_1_4' title="bbox 185 1437 1235 1930">
     <span class='ocr_line' id='line_1_15' title="bbox 185 1437 1185 1514; baseline 0.004 -20"><span class='ocrx_word' id='word_1_134' title='bbox 185 1441 188 1448; x_wconf 91' lang='lat'>&#39;</span> <span class='ocrx_word' id='word_1_135' title='bbox 241 1437 306 1494; x_wconf 85' lang='lat' dir='ltr'>d&#39;oir</span> <span class='ocrx_word' id='word_1_136' title='bbox 324 1439 355 1510; x_wconf 83' lang='lat' dir='ltr'>je</span> <span class='ocrx_word' id='word_1_137' title='bbox 368 1441 479 1498; x_wconf 87' lang='lat' dir='ltr'>conclus</span> <span class='ocrx_word' id='word_1_138' title='bbox 493 1441 574 1514; x_wconf 90' lang='lat' dir='ltr'>qu&#39;ils</span> <span class='ocrx_word' id='word_1_139' title='bbox 587 1444 637 1497; x_wconf 89' lang='lat' dir='ltr'>ont</span> <span class='ocrx_word' id='word_1_140' title='bbox 655 1457 695 1514; x_wconf 94' lang='lat' dir='ltr'>pu</span> <span class='ocrx_word' id='word_1_141' title='bbox 712 1441 845 1498; x_wconf 90' lang='lat' dir='ltr'>entendra</span> <span class='ocrx_word' id='word_1_142' title='bbox 866 1441 1003 1496; x_wconf 79' lang='lat' dir='ltr'>Corvinus</span> <span class='ocrx_word' id='word_1_143' title='bbox 1017 1443 1046 1496; x_wconf 87' lang='lat' dir='ltr'>et</span> <span class='ocrx_word' id='word_1_144' title='bbox 1062 1441 1185 1498; x_wconf 84' lang='lat' dir='ltr'>Asinius</span> 
     </span>
     <span class='ocr_line' id='line_1_16' title="bbox 242 1521 1187 1597; baseline 0.004 -20"><span class='ocrx_word' id='word_1_145' title='bbox 242 1524 283 1578; x_wconf 83' lang='lat' dir='ltr'>En</span> <span class='ocrx_word' id='word_1_146' title='bbox 295 1521 375 1594; x_wconf 77' lang='lat' dir='ltr'>etlet,</span> <span class='ocrx_word' id='word_1_147' title='bbox 388 1524 523 1582; x_wconf 85' lang='lat' dir='ltr'>Corvinus</span> <span class='ocrx_word' id='word_1_148' title='bbox 535 1541 552 1582; x_wconf 88' lang='lat' dir='ltr'>a</span> <span class='ocrx_word' id='word_1_149' title='bbox 564 1523 633 1580; x_wconf 80' lang='lat' dir='ltr'>recu</span> <span class='ocrx_word' id='word_1_150' title='bbox 644 1523 775 1596; x_wconf 85' lang='lat' dir='ltr'>jusqu&#39;au</span> <span class='ocrx_word' id='word_1_151' title='bbox 787 1523 896 1593; x_wconf 82' lang='lat' dir='ltr'>millen,</span> <span class='ocrx_word' id='word_1_152' title='bbox 906 1525 932 1579; x_wconf 91' lang='lat' dir='ltr'>et</span> <span class='ocrx_word' id='word_1_153' title='bbox 944 1523 1058 1580; x_wconf 78' lang='lat' dir='ltr'>Asinius</span> <span class='ocrx_word' id='word_1_154' title='bbox 1066 1539 1187 1597; x_wconf 84' lang='lat' dir='ltr'><strong>presque</strong></span> 
     </span>
     <span class='ocr_line' id='line_1_17' title="bbox 239 1603 1187 1680; baseline 0.006 -19"><span class='ocrx_word' id='word_1_155' title='bbox 239 1603 350 1678; x_wconf 75' lang='lat' dir='ltr'>iusqu&#39;b</span> <span class='ocrx_word' id='word_1_156' title='bbox 361 1606 389 1663; x_wconf 88' lang='lat' dir='ltr'>la</span> <span class='ocrx_word' id='word_1_157' title='bbox 400 1607 441 1664; x_wconf 88' lang='lat' dir='ltr'>fin</span> <span class='ocrx_word' id='word_1_158' title='bbox 454 1607 492 1663; x_wconf 91' lang='lat' dir='ltr'>du</span> <span class='ocrx_word' id='word_1_159' title='bbox 505 1606 591 1680; x_wconf 75' lang='lat' dir='ltr'>regne</span> <span class='ocrx_word' id='word_1_160' title='bbox 605 1606 764 1678; x_wconf 86' lang='lat' dir='ltr'>d&#39;Auguste.</span> <span class='ocrx_word' id='word_1_161' title='bbox 778 1609 853 1662; x_wconf 77' lang='lat' dir='ltr'>vous</span> <span class='ocrx_word' id='word_1_162' title='bbox 868 1621 905 1662; x_wconf 90' lang='lat' dir='ltr'>ne</span> <span class='ocrx_word' id='word_1_163' title='bbox 924 1605 1010 1662; x_wconf 82' lang='lat' dir='ltr'>devea</span> <span class='ocrx_word' id='word_1_164' title='bbox 1022 1605 1095 1663; x_wconf 90' lang='lat' dir='ltr'>donc</span> <span class='ocrx_word' id='word_1_165' title='bbox 1109 1609 1187 1678; x_wconf 89' lang='lat' dir='ltr'>point</span> 
     </span>
     <span class='ocr_line' id='line_1_18' title="bbox 241 1677 1235 1762; baseline 0 -16"><span class='ocrx_word' id='word_1_166' title='bbox 241 1692 370 1762; x_wconf 85' lang='lat' dir='ltr'>partager</span> <span class='ocrx_word' id='word_1_167' title='bbox 381 1690 407 1748; x_wconf 91' lang='lat' dir='ltr'>le</span> <span class='ocrx_word' id='word_1_168' title='bbox 420 1690 511 1762; x_wconf 80' lang='lat' dir='ltr'>siecle,</span> <span class='ocrx_word' id='word_1_169' title='bbox 522 1694 550 1748; x_wconf 89' lang='lat' dir='ltr'>et</span> <span class='ocrx_word' id='word_1_170' title='bbox 562 1691 669 1746; x_wconf 83' lang='lat' dir='ltr'>donner</span> <span class='ocrx_word' id='word_1_171' title='bbox 684 1691 711 1746; x_wconf 93' lang='lat' dir='ltr'>le</span> <span class='ocrx_word' id='word_1_172' title='bbox 725 1706 792 1748; x_wconf 89' lang='lat' dir='ltr'>nom</span> <span class='ocrx_word' id='word_1_173' title='bbox 806 1689 948 1747; x_wconf 87' lang='lat' dir='ltr'>d&#39;anciens</span> <span class='ocrx_word' id='word_1_174' title='bbox 963 1686 980 1744; x_wconf 79' lang='lat' dir='ltr'>b</span> <span class='ocrx_word' id='word_1_175' title='bbox 995 1689 1045 1746; x_wconf 85' lang='lat' dir='ltr'>des</span> <span class='ocrx_word' id='word_1_176' title='bbox 1059 1694 1187 1748; x_wconf 76' lang='lat' dir='ltr'>oretenus</span> <span class='ocrx_word' id='word_1_177' title='bbox 1234 1677 1235 1706; x_wconf 62' lang='lat'>¹</span> 
     </span>
     <span class='ocr_line' id='line_1_19' title="bbox 242 1772 1187 1846; baseline 0 -16"><span class='ocrx_word' id='word_1_178' title='bbox 242 1788 297 1846; x_wconf 91' lang='lat' dir='ltr'>que</span> <span class='ocrx_word' id='word_1_179' title='bbox 309 1772 350 1830; x_wconf 89' lang='lat' dir='ltr'>les</span> <span class='ocrx_word' id='word_1_180' title='bbox 359 1773 467 1832; x_wconf 80' lang='lat' dir='ltr'>memes</span> <span class='ocrx_word' id='word_1_181' title='bbox 479 1774 608 1832; x_wconf 89' lang='lat' dir='ltr'>hommes</span> <span class='ocrx_word' id='word_1_182' title='bbox 623 1776 673 1830; x_wconf 88' lang='lat' dir='ltr'>out</span> <span class='ocrx_word' id='word_1_183' title='bbox 688 1790 728 1846; x_wconf 93' lang='lat' dir='ltr'>pu</span> <span class='ocrx_word' id='word_1_184' title='bbox 742 1773 887 1844; x_wconf 83' lang='lat' dir='ltr'>entendra,</span> <span class='ocrx_word' id='word_1_185' title='bbox 900 1772 1071 1846; x_wconf 90' lang='lat' dir='ltr'>rapprocber</span> <span class='ocrx_word' id='word_1_186' title='bbox 1082 1778 1111 1832; x_wconf 89' lang='lat' dir='ltr'>et</span> <span class='ocrx_word' id='word_1_187' title='bbox 1122 1775 1187 1832; x_wconf 87' lang='lat' dir='ltr'>unir</span> 
     </span>
     <span class='ocr_line' id='line_1_20' title="bbox 241 1855 1235 1930; baseline 0.003 -18"><span class='ocrx_word' id='word_1_188' title='bbox 241 1870 277 1912; x_wconf 87' lang='lat' dir='ltr'>an</span> <span class='ocrx_word' id='word_1_189' title='bbox 290 1855 412 1930; x_wconf 86' lang='lat' dir='ltr'>quelque</span> <span class='ocrx_word' id='word_1_190' title='bbox 422 1861 505 1914; x_wconf 84' lang='lat' dir='ltr'>sorte.</span> <span class='ocrx_word' id='word_1_191' title='bbox 1004 1871 1007 1876; x_wconf 85' lang='lat'>·</span> <span class='ocrx_word' id='word_1_192' title='bbox 1234 1917 1235 1926; x_wconf 55' lang='grc'>,</span> 
     </span>
    </p>

    <p class='ocr_par' dir='ltr' id='par_1_5' title="bbox 241 1931 1235 2346">
     <span class='ocr_line' id='line_1_21' title="bbox 276 1931 1235 2024; baseline 0.002 -30"><span class='ocrx_word' id='word_1_193' title='bbox 276 1938 364 1994; x_wconf 84' lang='lat' dir='ltr'>livill.</span> <span class='ocrx_word' id='word_1_194' title='bbox 381 1955 396 1992; x_wconf 79' lang='lat' dir='ltr'>r</span> <span class='ocrx_word' id='word_1_195' title='bbox 413 1935 466 1992; x_wconf 86' lang='lat' dir='ltr'>t’ai</span> <span class='ocrx_word' id='word_1_196' title='bbox 479 1935 919 2018; x_wconf 72' lang='lat' dir='ltr'>commenciparoesreilaxions,</span> <span class='ocrx_word' id='word_1_197' title='bbox 934 1935 993 1994; x_wconf 88' lang='lat' dir='ltr'>atin</span> <span class='ocrx_word' id='word_1_198' title='bbox 1004 1951 1060 2009; x_wconf 86' lang='lat' dir='ltr'>que</span> <span class='ocrx_word' id='word_1_199' title='bbox 1074 1937 1188 1996; x_wconf 90' lang='lat' dir='ltr'>sinotre</span> <span class='ocrx_word' id='word_1_200' title='bbox 1234 1931 1235 2024; x_wconf 65' lang='lat' dir='ltr'>l</span> 
     </span>
     <span class='ocr_line' id='line_1_22' title="bbox 242 2019 1188 2094; baseline 0.001 -17"><span class='ocrx_word' id='word_1_201' title='bbox 242 2019 348 2093; x_wconf 73' lang='lat' dir='ltr'>epoquc</span> <span class='ocrx_word' id='word_1_202' title='bbox 361 2020 414 2076; x_wconf 89' lang='lat' dir='ltr'>tire</span> <span class='ocrx_word' id='word_1_203' title='bbox 429 2021 548 2094; x_wconf 85' lang='lat' dir='ltr'>quelque</span> <span class='ocrx_word' id='word_1_204' title='bbox 561 2021 648 2078; x_wconf 90' lang='lat' dir='ltr'>lustre</span> <span class='ocrx_word' id='word_1_205' title='bbox 662 2024 690 2077; x_wconf 89' lang='lat' dir='ltr'>et</span> <span class='ocrx_word' id='word_1_206' title='bbox 703 2021 823 2094; x_wconf 86' lang='lat' dir='ltr'>quelque</span> <span class='ocrx_word' id='word_1_207' title='bbox 837 2022 925 2094; x_wconf 82' lang='lat' dir='ltr'>gloire</span> <span class='ocrx_word' id='word_1_208' title='bbox 941 2020 976 2076; x_wconf 91' lang='lat' dir='ltr'>de</span> <span class='ocrx_word' id='word_1_209' title='bbox 990 2036 1036 2076; x_wconf 88' lang='lat' dir='ltr'>aes</span> <span class='ocrx_word' id='word_1_210' title='bbox 1047 2024 1188 2094; x_wconf 76' lang='lat' dir='ltr'>oretenus,</span> 
     </span>
     <span class='ocr_line' id='line_1_23' title="bbox 241 2103 1189 2178; baseline 0.002 -18"><span class='ocrx_word' id='word_1_211' title='bbox 241 2103 262 2160; x_wconf 93' lang='lat' dir='ltr'>il</span> <span class='ocrx_word' id='word_1_212' title='bbox 283 2103 334 2161; x_wconf 90' lang='lat' dir='ltr'>soit</span> <span class='ocrx_word' id='word_1_213' title='bbox 354 2103 435 2160; x_wconf 77' lang='lat' dir='ltr'>etabli</span> <span class='ocrx_word' id='word_1_214' title='bbox 454 2120 509 2178; x_wconf 88' lang='lat' dir='ltr'>que</span> <span class='ocrx_word' id='word_1_215' title='bbox 522 2107 593 2162; x_wconf 88' lang='lat' dir='ltr'>cette</span> <span class='ocrx_word' id='word_1_216' title='bbox 607 2105 694 2176; x_wconf 81' lang='lat' dir='ltr'>gloire</span> <span class='ocrx_word' id='word_1_217' title='bbox 706 2104 766 2161; x_wconf 85' lang='lat' dir='ltr'>doit</span> <span class='ocrx_word' id='word_1_218' title='bbox 785 2104 843 2162; x_wconf 80' lang='lat' dir='ltr'>etre</span> <span class='ocrx_word' id='word_1_219' title='bbox 857 2104 927 2160; x_wconf 90' lang='lat' dir='ltr'>mise</span> <span class='ocrx_word' id='word_1_220' title='bbox 942 2119 979 2160; x_wconf 91' lang='lat' dir='ltr'>en</span> <span class='ocrx_word' id='word_1_221' title='bbox 992 2119 1142 2177; x_wconf 84' lang='lat' dir='ltr'>commun,</span> <span class='ocrx_word' id='word_1_222' title='bbox 1160 2111 1189 2162; x_wconf 90' lang='lat' dir='ltr'>et</span> 
     </span>
     <span class='ocr_line' id='line_1_24' title="bbox 241 2185 1191 2262; baseline 0.003 -19"><span class='ocrx_word' id='word_1_223' title='bbox 241 2186 342 2261; x_wconf 89' lang='lat' dir='ltr'>qu’elle</span> <span class='ocrx_word' id='word_1_224' title='bbox 356 2189 397 2244; x_wconf 89' lang='lat' dir='ltr'>est</span> <span class='ocrx_word' id='word_1_225' title='bbox 411 2187 502 2262; x_wconf 82' lang='lat' dir='ltr'>plutbt</span> <span class='ocrx_word' id='word_1_226' title='bbox 513 2185 541 2244; x_wconf 85' lang='lat' dir='ltr'>lo</span> <span class='ocrx_word' id='word_1_227' title='bbox 554 2187 635 2244; x_wconf 77' lang='lat' dir='ltr'>notre</span> <span class='ocrx_word' id='word_1_228' title='bbox 653 2202 708 2260; x_wconf 89' lang='lat' dir='ltr'>que</span> <span class='ocrx_word' id='word_1_229' title='bbox 722 2186 792 2244; x_wconf 86' lang='lat' dir='ltr'>celle</span> <span class='ocrx_word' id='word_1_230' title='bbox 812 2187 847 2244; x_wconf 91' lang='lat' dir='ltr'>de</span> <span class='ocrx_word' id='word_1_231' title='bbox 860 2187 955 2256; x_wconf 86' lang='lat' dir='ltr'>Galba,</span> <span class='ocrx_word' id='word_1_232' title='bbox 972 2187 1006 2243; x_wconf 89' lang='lat' dir='ltr'>de</span> <span class='ocrx_word' id='word_1_233' title='bbox 1019 2189 1148 2258; x_wconf 80' lang='lat' dir='ltr'>carbon,</span> <span class='ocrx_word' id='word_1_234' title='bbox 1163 2194 1191 2246; x_wconf 89' lang='lat' dir='ltr'>et</span> 
     </span>
     <span class='ocr_line' id='line_1_25' title="bbox 241 2267 1191 2346; baseline 0.001 -17"><span class='ocrx_word' id='word_1_235' title='bbox 241 2271 276 2329; x_wconf 88' lang='lat' dir='ltr'>de</span> <span class='ocrx_word' id='word_1_236' title='bbox 284 2271 418 2346; x_wconf 86' lang='lat' dir='ltr'>quelques</span> <span class='ocrx_word' id='word_1_237' title='bbox 426 2281 520 2344; x_wconf 81' lang='lat' dir='ltr'>autres</span> <span class='ocrx_word' id='word_1_238' title='bbox 527 2286 583 2344; x_wconf 89' lang='lat' dir='ltr'>que</span> <span class='ocrx_word' id='word_1_239' title='bbox 595 2285 667 2328; x_wconf 91' lang='lat' dir='ltr'>nous</span> <span class='ocrx_word' id='word_1_240' title='bbox 680 2284 805 2342; x_wconf 86' lang='lat' dir='ltr'>pouvons</span> <span class='ocrx_word' id='word_1_241' title='bbox 818 2267 920 2342; x_wconf 77' lang='lat' dir='ltr'>ajusto</span> <span class='ocrx_word' id='word_1_242' title='bbox 933 2269 999 2327; x_wconf 87' lang='lat' dir='ltr'>titre</span> <span class='ocrx_word' id='word_1_243' title='bbox 1013 2271 1131 2344; x_wconf 88' lang='lat' dir='ltr'>appeler</span> <span class='ocrx_word' id='word_1_244' title='bbox 1143 2273 1191 2330; x_wconf 88' lang='lat' dir='ltr'>des</span> 
     </span>
    </p>
   </div>
   <div class='ocr_carea' id='block_1_3' title="bbox 239 2497 1195 3549">
    <p class='ocr_par' dir='ltr' id='par_1_6' title="bbox 239 2497 1195 3488">
     <span class='ocr_line' id='line_1_26' title="bbox 241 2497 1191 2566; baseline 0.003 -17"><span class='ocrx_word' id='word_1_245' title='bbox 241 2501 314 2561; x_wconf 81' lang='lat' dir='ltr'>etque</span> <span class='ocrx_word' id='word_1_246' title='bbox 328 2500 409 2563; x_wconf 89' lang='lat' dir='ltr'>ipsum</span> <span class='ocrx_word' id='word_1_247' title='bbox 425 2501 509 2552; x_wconf 81' lang='lat' dir='ltr'>Galbae</span> <span class='ocrx_word' id='word_1_248' title='bbox 525 2504 549 2550; x_wconf 91' lang='lat' dir='ltr'>et</span> <span class='ocrx_word' id='word_1_249' title='bbox 564 2498 667 2550; x_wconf 88' lang='lat' dir='ltr'>Othonis</span> <span class='ocrx_word' id='word_1_250' title='bbox 684 2501 709 2548; x_wconf 89' lang='lat' dir='ltr'>et</span> <span class='ocrx_word' id='word_1_251' title='bbox 724 2497 818 2548; x_wconf 88' lang='lat' dir='ltr'>Vitellii</span> <span class='ocrx_word' id='word_1_252' title='bbox 831 2498 933 2560; x_wconf 78' lang='lat' dir='ltr'>longum</span> <span class='ocrx_word' id='word_1_253' title='bbox 947 2498 971 2546; x_wconf 89' lang='lat' dir='ltr'>et</span> <span class='ocrx_word' id='word_1_254' title='bbox 984 2510 1065 2547; x_wconf 90' lang='lat' dir='ltr'>unum</span> <span class='ocrx_word' id='word_1_255' title='bbox 1079 2512 1191 2566; x_wconf 81' lang='lat' dir='ltr'>annum,</span> 
     </span>
     <span class='ocr_line' id='line_1_27' title="bbox 241 2559 1191 2631; baseline 0.004 -21"><span class='ocrx_word' id='word_1_256' title='bbox 241 2575 270 2610; x_wconf 87' lang='lat' dir='ltr'>oc</span> <span class='ocrx_word' id='word_1_257' title='bbox 285 2566 378 2614; x_wconf 84' lang='lat' dir='ltr'>sextam</span> <span class='ocrx_word' id='word_1_258' title='bbox 393 2563 447 2624; x_wconf 86' lang='lat' dir='ltr'>jam</span> <span class='ocrx_word' id='word_1_259' title='bbox 465 2563 541 2615; x_wconf 79' lang='lat' dir='ltr'>felicis</span> <span class='ocrx_word' id='word_1_260' title='bbox 553 2561 629 2622; x_wconf 80' lang='lat' dir='ltr'>hujus</span> <span class='ocrx_word' id='word_1_261' title='bbox 642 2559 790 2623; x_wconf 81' lang='lat' dir='ltr'>principatus</span> <span class='ocrx_word' id='word_1_262' title='bbox 804 2560 946 2631; x_wconf 30' lang='lat' dir='ltr'>sta-tionem,</span> <span class='ocrx_word' id='word_1_263' title='bbox 961 2573 1010 2630; x_wconf 89' lang='lat' dir='ltr'>qua</span> <span class='ocrx_word' id='word_1_264' title='bbox 1023 2559 1191 2622; x_wconf 77' lang='lat' dir='ltr'>Vespasianus</span> 
     </span>
     <span class='ocr_line' id='line_1_28' title="bbox 240 2621 1191 2685; baseline 0.003 -12"><span class='ocrx_word' id='word_1_265' title='bbox 240 2625 418 2685; x_wconf 88' lang='lat' dir='ltr'>rempublicam</span> <span class='ocrx_word' id='word_1_266' title='bbox 432 2625 497 2674; x_wconf 84' lang='lat' dir='ltr'>toret</span> <span class='ocrx_word' id='word_1_267' title='bbox 512 2639 519 2673; x_wconf 94' lang='lat'><strong>:</strong></span> <span class='ocrx_word' id='word_1_268' title='bbox 535 2628 635 2674; x_wconf 90' lang='lat' dir='ltr'>centum</span> <span class='ocrx_word' id='word_1_269' title='bbox 651 2627 674 2672; x_wconf 91' lang='lat' dir='ltr'>et</span> <span class='ocrx_word' id='word_1_270' title='bbox 689 2621 774 2682; x_wconf 77' lang='lat' dir='ltr'>viginti</span> <span class='ocrx_word' id='word_1_271' title='bbox 788 2635 846 2670; x_wconf 81' lang='lat' dir='ltr'>unni</span> <span class='ocrx_word' id='word_1_272' title='bbox 860 2621 890 2670; x_wconf 91' lang='lat' dir='ltr'>ab</span> <span class='ocrx_word' id='word_1_273' title='bbox 904 2625 1003 2669; x_wconf 82' lang='lat' dir='ltr'>intentu</span> <span class='ocrx_word' id='word_1_274' title='bbox 1020 2621 1151 2674; x_wconf 88' lang='lat' dir='ltr'>Ciceronis</span> <span class='ocrx_word' id='word_1_275' title='bbox 1168 2627 1191 2676; x_wconf 89' lang='lat' dir='ltr'>in</span> 
     </span>
     <span class='ocr_line' id='line_1_29' title="bbox 240 2681 1193 2750; baseline 0.004 -17"><span class='ocrx_word' id='word_1_276' title='bbox 240 2683 307 2734; x_wconf 88' lang='lat' dir='ltr'>huuc</span> <span class='ocrx_word' id='word_1_277' title='bbox 321 2687 388 2736; x_wconf 90' lang='lat' dir='ltr'>diem</span> <span class='ocrx_word' id='word_1_278' title='bbox 399 2686 556 2750; x_wconf 77' lang='lat' dir='ltr'>colliguntur,</span> <span class='ocrx_word' id='word_1_279' title='bbox 571 2685 645 2735; x_wconf 88' lang='lat' dir='ltr'>unius</span> <span class='ocrx_word' id='word_1_280' title='bbox 657 2683 763 2744; x_wconf 83' lang='lat' dir='ltr'>hominis</span> <span class='ocrx_word' id='word_1_281' title='bbox 775 2687 841 2732; x_wconf 84' lang='lat' dir='ltr'>aetas.</span> <span class='ocrx_word' id='word_1_282' title='bbox 856 2695 914 2731; x_wconf 88' lang='lat' dir='ltr'>narn</span> <span class='ocrx_word' id='word_1_283' title='bbox 925 2681 978 2742; x_wconf 88' lang='lat' dir='ltr'>ipse</span> <span class='ocrx_word' id='word_1_284' title='bbox 991 2695 1037 2748; x_wconf 76' lang='lat' dir='ltr'>ego</span> <span class='ocrx_word' id='word_1_285' title='bbox 1052 2684 1079 2732; x_wconf 92' lang='lat' dir='ltr'>in</span> <span class='ocrx_word' id='word_1_286' title='bbox 1092 2686 1193 2737; x_wconf 84' lang='lat' dir='ltr'>Britan·</span> 
     </span>
     <span class='ocr_line' id='line_1_30' title="bbox 241 2744 1192 2858; baseline 0.005 -63"><span class='ocrx_word' id='word_1_287' title='bbox 241 2745 283 2796; x_wconf 93' lang='lat' dir='ltr'>nia</span> <span class='ocrx_word' id='word_1_288' title='bbox 296 2746 346 2795; x_wconf 86' lang='lat' dir='ltr'>vidi</span> <span class='ocrx_word' id='word_1_289' title='bbox 358 2761 455 2810; x_wconf 88' lang='lat' dir='ltr'>senem,</span> <span class='ocrx_word' id='word_1_290' title='bbox 469 2747 512 2858; x_wconf 55' lang='grc' dir='ltr'>Ἓί</span> <span class='ocrx_word' id='word_1_291' title='bbox 525 2761 550 2796; x_wconf 92' lang='lat' dir='ltr'>se</span> <span class='ocrx_word' id='word_1_292' title='bbox 561 2747 684 2796; x_wconf 77' lang='lat' dir='ltr'>fatebatur</span> <span class='ocrx_word' id='word_1_293' title='bbox 696 2745 718 2794; x_wconf 89' lang='lat' dir='ltr'>ei</span> <span class='ocrx_word' id='word_1_294' title='bbox 734 2757 822 2816; x_wconf 81' lang='lat' dir='ltr'>puguae</span> <span class='ocrx_word' id='word_1_295' title='bbox 836 2744 988 2806; x_wconf 73' lang='lat' dir='ltr'>interfuisse,</span> <span class='ocrx_word' id='word_1_296' title='bbox 1002 2759 1053 2806; x_wconf 85' lang='lat' dir='ltr'>qun</span> <span class='ocrx_word' id='word_1_297' title='bbox 1065 2745 1192 2800; x_wconf 68' lang='lat' dir='ltr'>Cesar-em</span> 
     </span>
     <span class='ocr_line' id='line_1_31' title="bbox 241 2806 1190 2876; baseline 0.006 -21"><span class='ocrx_word' id='word_1_298' title='bbox 241 2807 389 2858; x_wconf 83' lang='lat' dir='ltr'>intercutem</span> <span class='ocrx_word' id='word_1_299' title='bbox 399 2823 469 2858; x_wconf 82' lang='lat' dir='ltr'>orme</span> <span class='ocrx_word' id='word_1_300' title='bbox 501 2808 613 2861; x_wconf 85' lang='lat' dir='ltr'>rituuuiae</span> <span class='ocrx_word' id='word_1_301' title='bbox 627 2822 708 2858; x_wconf 77' lang='lat' dir='ltr'>arcera</span> <span class='ocrx_word' id='word_1_302' title='bbox 722 2807 843 2855; x_wconf 78' lang='lat' dir='ltr'>littoribus</span> <span class='ocrx_word' id='word_1_303' title='bbox 857 2809 881 2854; x_wconf 88' lang='lat' dir='ltr'>et</span> <span class='ocrx_word' id='word_1_304' title='bbox 894 2806 986 2876; x_wconf 77' lang='lat' dir='ltr'>pellere</span> <span class='ocrx_word' id='word_1_305' title='bbox 998 2809 1108 2868; x_wconf 82' lang='lat' dir='ltr'>aggressi</span> <span class='ocrx_word' id='word_1_306' title='bbox 1125 2818 1190 2860; x_wconf 82' lang='lat' dir='ltr'>sunt</span> 
     </span>
     <span class='ocr_line' id='line_1_32' title="bbox 241 2866 1192 2932; baseline 0.004 -16"><span class='ocrx_word' id='word_1_307' title='bbox 241 2866 276 2918; x_wconf 88' lang='lat' dir='ltr'>ita</span> <span class='ocrx_word' id='word_1_308' title='bbox 288 2869 308 2917; x_wconf 87' lang='lat' dir='ltr'>si</span> <span class='ocrx_word' id='word_1_309' title='bbox 320 2883 388 2932; x_wconf 90' lang='lat' dir='ltr'>eum,</span> <span class='ocrx_word' id='word_1_310' title='bbox 401 2871 445 2932; x_wconf 93' lang='lat' dir='ltr'>qui</span> <span class='ocrx_word' id='word_1_311' title='bbox 458 2874 566 2919; x_wconf 84' lang='lat' dir='ltr'>armatus</span> <span class='ocrx_word' id='word_1_312' title='bbox 579 2871 638 2920; x_wconf 88' lang='lat' dir='ltr'>Gaio</span> <span class='ocrx_word' id='word_1_313' title='bbox 650 2868 740 2920; x_wconf 86' lang='lat' dir='ltr'>Caesari</span> <span class='ocrx_word' id='word_1_314' title='bbox 752 2867 851 2931; x_wconf 88' lang='lat' dir='ltr'>restitit,</span> <span class='ocrx_word' id='word_1_315' title='bbox 862 2868 901 2916; x_wconf 88' lang='lat' dir='ltr'>vel</span> <span class='ocrx_word' id='word_1_316' title='bbox 913 2868 1039 2929; x_wconf 82' lang='lat' dir='ltr'>captivitas</span> <span class='ocrx_word' id='word_1_317' title='bbox 1050 2871 1092 2918; x_wconf 86' lang='lat' dir='ltr'>vel</span> <span class='ocrx_word' id='word_1_318' title='bbox 1106 2875 1192 2922; x_wconf 86' lang='lat' dir='ltr'>volun-</span> 
     </span>
     <span class='ocr_line' id='line_1_33' title="bbox 241 2927 1191 2996; baseline 0.001 -17"><span class='ocrx_word' id='word_1_319' title='bbox 241 2935 278 2980; x_wconf 88' lang='lat' dir='ltr'>tas</span> <span class='ocrx_word' id='word_1_320' title='bbox 289 2933 327 2980; x_wconf 83' lang='lat' dir='ltr'>rel</span> <span class='ocrx_word' id='word_1_321' title='bbox 343 2932 421 2982; x_wconf 87' lang='lat' dir='ltr'>iatum</span> <span class='ocrx_word' id='word_1_322' title='bbox 435 2931 533 2994; x_wconf 87' lang='lat' dir='ltr'>aliquod</span> <span class='ocrx_word' id='word_1_323' title='bbox 545 2931 571 2981; x_wconf 93' lang='lat' dir='ltr'>in</span> <span class='ocrx_word' id='word_1_324' title='bbox 581 2931 672 2981; x_wconf 87' lang='lat' dir='ltr'>Urbem</span> <span class='ocrx_word' id='word_1_325' title='bbox 683 2930 849 2993; x_wconf 86' lang='lat' dir='ltr'>pertraxisset,</span> <span class='ocrx_word' id='word_1_326' title='bbox 860 2927 926 2978; x_wconf 90' lang='lat' dir='ltr'>idem</span> <span class='ocrx_word' id='word_1_327' title='bbox 939 2932 963 2977; x_wconf 85' lang='lat' dir='ltr'>et</span> <span class='ocrx_word' id='word_1_328' title='bbox 974 2929 1099 2980; x_wconf 70' lang='lat' dir='ltr'>Caesarem</span> <span class='ocrx_word' id='word_1_329' title='bbox 1111 2933 1191 2996; x_wconf 71' lang='lat' dir='ltr'>ipsum</span> 
     </span>
     <span class='ocr_line' id='line_1_34' title="bbox 241 2990 1190 3068; baseline 0.004 -27"><span class='ocrx_word' id='word_1_330' title='bbox 241 2996 265 3041; x_wconf 88' lang='lat' dir='ltr'>et</span> <span class='ocrx_word' id='word_1_331' title='bbox 281 2992 424 3045; x_wconf 87' lang='lat' dir='ltr'>Ciceronem</span> <span class='ocrx_word' id='word_1_332' title='bbox 442 2992 533 3048; x_wconf 75' lang='lat' dir='ltr'>audire,</span> <span class='ocrx_word' id='word_1_333' title='bbox 543 2994 636 3068; x_wconf 84' lang='lat' dir='ltr'>potuit,</span> <span class='ocrx_word' id='word_1_334' title='bbox 653 2998 677 3042; x_wconf 89' lang='lat' dir='ltr'>et</span> <span class='ocrx_word' id='word_1_335' title='bbox 697 2993 786 3042; x_wconf 89' lang='lat' dir='ltr'>nostris</span> <span class='ocrx_word' id='word_1_336' title='bbox 801 3004 896 3052; x_wconf 87' lang='lat' dir='ltr'>quoqne</span> <span class='ocrx_word' id='word_1_337' title='bbox 913 2990 1050 3040; x_wconf 85' lang='lat' dir='ltr'>actionibus</span> <span class='ocrx_word' id='word_1_338' title='bbox 1065 2993 1190 3048; x_wconf 69' lang='lat' dir='ltr'>interesse.</span> 
     </span>
     <span class='ocr_line' id='line_1_35' title="bbox 241 3053 1192 3118; baseline 0.005 -16"><span class='ocrx_word' id='word_1_339' title='bbox 241 3055 353 3116; x_wconf 82' lang='lat' dir='ltr'>proximo</span> <span class='ocrx_word' id='word_1_340' title='bbox 367 3056 468 3118; x_wconf 86' lang='lat' dir='ltr'>quidem</span> <span class='ocrx_word' id='word_1_341' title='bbox 479 3055 603 3118; x_wconf 78' lang='lat' dir='ltr'>congiario</span> <span class='ocrx_word' id='word_1_342' title='bbox 616 3054 663 3118; x_wconf 89' lang='lat' dir='ltr'>ipsi</span> <span class='ocrx_word' id='word_1_343' title='bbox 676 3053 768 3111; x_wconf 83' lang='lat' dir='ltr'>vidistis</span> <span class='ocrx_word' id='word_1_344' title='bbox 781 3054 908 3115; x_wconf 84' lang='lat' dir='ltr'>plerosque</span> <span class='ocrx_word' id='word_1_345' title='bbox 922 3066 1001 3116; x_wconf 85' lang='lat' dir='ltr'>senes,</span> <span class='ocrx_word' id='word_1_346' title='bbox 1012 3054 1057 3116; x_wconf 85' lang='lat' dir='ltr'>qui</span> <span class='ocrx_word' id='word_1_347' title='bbox 1071 3069 1098 3104; x_wconf 88' lang='lat' dir='ltr'>sa</span> <span class='ocrx_word' id='word_1_348' title='bbox 1110 3071 1126 3104; x_wconf 93' lang='lat' dir='ltr'>a</span> <span class='ocrx_word' id='word_1_349' title='bbox 1139 3059 1192 3106; x_wconf 83' lang='lat' dir='ltr'>diro</span> 
     </span>
     <span class='ocr_line' id='line_1_36' title="bbox 240 3113 1191 3191; baseline 0.003 -26"><span class='ocrx_word' id='word_1_350' title='bbox 240 3125 337 3179; x_wconf 85' lang='lat' dir='ltr'>quoque</span> <span class='ocrx_word' id='word_1_351' title='bbox 350 3117 461 3191; x_wconf 77' lang='lat' dir='ltr'>Augusto</span> <span class='ocrx_word' id='word_1_352' title='bbox 473 3119 549 3166; x_wconf 84' lang='lat' dir='ltr'>semel</span> <span class='ocrx_word' id='word_1_353' title='bbox 561 3122 634 3178; x_wconf 86' lang='lat' dir='ltr'>etque</span> <span class='ocrx_word' id='word_1_354' title='bbox 645 3116 736 3165; x_wconf 89' lang='lat' dir='ltr'>iterum</span> <span class='ocrx_word' id='word_1_355' title='bbox 750 3114 868 3176; x_wconf 86' lang='lat' dir='ltr'>accepisse</span> <span class='ocrx_word' id='word_1_356' title='bbox 880 3113 1034 3176; x_wconf 84' lang='lat' dir='ltr'>congiarium</span> <span class='ocrx_word' id='word_1_357' title='bbox 1046 3120 1191 3170; x_wconf 82' lang='lat' dir='ltr'>narrabant.</span> 
     </span>
     <span class='ocr_line' id='line_1_37' title="bbox 241 3175 1191 3243; baseline 0.007 -17"><span class='ocrx_word' id='word_1_358' title='bbox 241 3192 269 3227; x_wconf 84' lang='lat' dir='ltr'>er</span> <span class='ocrx_word' id='word_1_359' title='bbox 280 3194 329 3241; x_wconf 90' lang='lat' dir='ltr'>quo</span> <span class='ocrx_word' id='word_1_360' title='bbox 341 3181 423 3243; x_wconf 68' lang='lat' dir='ltr'>coltrqi</span> <span class='ocrx_word' id='word_1_361' title='bbox 435 3181 515 3242; x_wconf 87' lang='lat' dir='ltr'>potest</span> <span class='ocrx_word' id='word_1_362' title='bbox 525 3181 552 3228; x_wconf 90' lang='lat' dir='ltr'>et</span> <span class='ocrx_word' id='word_1_363' title='bbox 563 3179 696 3230; x_wconf 83' lang='lat' dir='ltr'>Corvinum</span> <span class='ocrx_word' id='word_1_364' title='bbox 708 3177 738 3224; x_wconf 91' lang='lat' dir='ltr'>ab</span> <span class='ocrx_word' id='word_1_365' title='bbox 749 3176 798 3225; x_wconf 90' lang='lat' dir='ltr'>illis</span> <span class='ocrx_word' id='word_1_366' title='bbox 808 3179 833 3224; x_wconf 88' lang='lat' dir='ltr'>et</span> <span class='ocrx_word' id='word_1_367' title='bbox 847 3175 956 3225; x_wconf 75' lang='lat' dir='ltr'>Asinium</span> <span class='ocrx_word' id='word_1_368' title='bbox 970 3175 1052 3224; x_wconf 88' lang='lat' dir='ltr'>audiri</span> <span class='ocrx_word' id='word_1_369' title='bbox 1065 3183 1191 3239; x_wconf 88' lang='lat' dir='ltr'>potuisse:</span> 
     </span>
     <span class='ocr_line' id='line_1_38' title="bbox 241 3237 1194 3307; baseline 0.005 -20"><span class='ocrx_word' id='word_1_370' title='bbox 241 3253 299 3290; x_wconf 90' lang='lat' dir='ltr'>nam</span> <span class='ocrx_word' id='word_1_371' title='bbox 312 3242 431 3292; x_wconf 79' lang='lat' dir='ltr'>Coruinus</span> <span class='ocrx_word' id='word_1_372' title='bbox 443 3242 470 3290; x_wconf 94' lang='lat' dir='ltr'>in</span> <span class='ocrx_word' id='word_1_373' title='bbox 482 3241 593 3292; x_wconf 83' lang='lat' dir='ltr'>medium</span> <span class='ocrx_word' id='word_1_374' title='bbox 608 3254 685 3300; x_wconf 88' lang='lat' dir='ltr'>usque</span> <span class='ocrx_word' id='word_1_375' title='bbox 698 3238 802 3301; x_wconf 76' lang='lat' dir='ltr'>Augusti</span> <span class='ocrx_word' id='word_1_376' title='bbox 817 3237 995 3307; x_wconf 83' lang='lat' dir='ltr'>principatum,</span> <span class='ocrx_word' id='word_1_377' title='bbox 1012 3237 1116 3288; x_wconf 85' lang='lat' dir='ltr'>Asinius</span> <span class='ocrx_word' id='word_1_378' title='bbox 1132 3258 1194 3304; x_wconf 78' lang='lat' dir='ltr'>pene</span> 
     </span>
     <span class='ocr_line' id='line_1_39' title="bbox 240 3299 1195 3360; baseline 0.002 -10"><span class='ocrx_word' id='word_1_379' title='bbox 240 3300 272 3350; x_wconf 86' lang='lat' dir='ltr'>ad</span> <span class='ocrx_word' id='word_1_380' title='bbox 289 3306 425 3356; x_wconf 83' lang='lat' dir='ltr'>extremum</span> <span class='ocrx_word' id='word_1_381' title='bbox 439 3302 544 3353; x_wconf 87' lang='lat' dir='ltr'>durarit.</span> <span class='ocrx_word' id='word_1_382' title='bbox 562 3304 599 3352; x_wconf 90' lang='lat' dir='ltr'>Ne</span> <span class='ocrx_word' id='word_1_383' title='bbox 618 3299 728 3351; x_wconf 83' lang='lat' dir='ltr'>dividatis</span> <span class='ocrx_word' id='word_1_384' title='bbox 744 3301 862 3350; x_wconf 84' lang='lat' dir='ltr'>saeculum</span> <span class='ocrx_word' id='word_1_385' title='bbox 879 3303 902 3347; x_wconf 90' lang='lat' dir='ltr'>et</span> <span class='ocrx_word' id='word_1_386' title='bbox 919 3303 1032 3360; x_wconf 81' lang='lat' dir='ltr'>antiquos</span> <span class='ocrx_word' id='word_1_387' title='bbox 1050 3314 1080 3350; x_wconf 84' lang='lat' dir='ltr'>ac</span> <span class='ocrx_word' id='word_1_388' title='bbox 1099 3311 1195 3356; x_wconf 76' lang='lat' dir='ltr'>veteres</span> 
     </span>
     <span class='ocr_line' id='line_1_40' title="bbox 242 3361 1195 3427; baseline 0.006 -16"><span class='ocrx_word' id='word_1_389' title='bbox 242 3365 330 3412; x_wconf 83' lang='lat' dir='ltr'>vocetis</span> <span class='ocrx_word' id='word_1_390' title='bbox 344 3369 468 3427; x_wconf 84' lang='lat' dir='ltr'>oratores,</span> <span class='ocrx_word' id='word_1_391' title='bbox 480 3377 540 3424; x_wconf 90' lang='lat' dir='ltr'>quos</span> <span class='ocrx_word' id='word_1_392' title='bbox 554 3365 687 3414; x_wconf 85' lang='lat' dir='ltr'>eorundem</span> <span class='ocrx_word' id='word_1_393' title='bbox 703 3361 831 3410; x_wconf 91' lang='lat' dir='ltr'>bominum</span> <span class='ocrx_word' id='word_1_394' title='bbox 844 3375 916 3412; x_wconf 89' lang='lat' dir='ltr'>aures</span> <span class='ocrx_word' id='word_1_395' title='bbox 929 3373 1062 3422; x_wconf 81' lang='lat' dir='ltr'>agnoscere</span> <span class='ocrx_word' id='word_1_396' title='bbox 1078 3377 1107 3414; x_wconf 82' lang='lat' dir='ltr'>sc</span> <span class='ocrx_word' id='word_1_397' title='bbox 1127 3369 1195 3416; x_wconf 77' lang='lat' dir='ltr'>ruint</span> 
     </span>
     <span class='ocr_line' id='line_1_41' title="bbox 239 3425 708 3488; baseline -0.004 -14"><span class='ocrx_word' id='word_1_398' title='bbox 239 3425 388 3488; x_wconf 78' lang='lat' dir='ltr'>con&#39;ungere</span> <span class='ocrx_word' id='word_1_399' title='bbox 402 3430 426 3476; x_wconf 89' lang='lat' dir='ltr'>et</span> <span class='ocrx_word' id='word_1_400' title='bbox 439 3426 554 3487; x_wconf 87' lang='lat' dir='ltr'>copulare</span> <span class='ocrx_word' id='word_1_401' title='bbox 567 3427 708 3487; x_wconf 83' lang='lat' dir='ltr'>potuerunt.</span> 
     </span>
    </p>

    <p class='ocr_par' dir='ltr' id='par_1_7' title="bbox 294 3483 1195 3549">
     <span class='ocr_line' id='line_1_42' title="bbox 294 3483 1195 3549; baseline -0.001 -13"><span class='ocrx_word' id='word_1_402' title='bbox 294 3487 362 3538; x_wconf 88' lang='lat' dir='ltr'>Vlll.</span> <span class='ocrx_word' id='word_1_403' title='bbox 380 3503 395 3536; x_wconf 83' lang='lat' dir='ltr'>o</span> <span class='ocrx_word' id='word_1_404' title='bbox 410 3487 470 3538; x_wconf 76' lang='lat' dir='ltr'>Hac</span> <span class='ocrx_word' id='word_1_405' title='bbox 485 3487 539 3536; x_wconf 89' lang='lat' dir='ltr'>ideo</span> <span class='ocrx_word' id='word_1_406' title='bbox 554 3487 669 3549; x_wconf 82' lang='lat' dir='ltr'>praediri,</span> <span class='ocrx_word' id='word_1_407' title='bbox 683 3488 712 3536; x_wconf 89' lang='lat' dir='ltr'>ut</span> <span class='ocrx_word' id='word_1_408' title='bbox 726 3483 747 3534; x_wconf 87' lang='lat' dir='ltr'>si</span> <span class='ocrx_word' id='word_1_409' title='bbox 761 3499 809 3546; x_wconf 88' lang='lat' dir='ltr'>qua</span> <span class='ocrx_word' id='word_1_410' title='bbox 824 3497 853 3534; x_wconf 82' lang='lat' dir='ltr'>ex</span> <span class='ocrx_word' id='word_1_411' title='bbox 866 3485 955 3532; x_wconf 87' lang='lat' dir='ltr'>borum</span> <span class='ocrx_word' id='word_1_412' title='bbox 973 3486 1106 3536; x_wconf 84' lang='lat' dir='ltr'>oratorum</span> <span class='ocrx_word' id='word_1_413' title='bbox 1128 3489 1195 3542; x_wconf 74' lang='lat' dir='ltr'>tama</span> 
     </span>
    </p>
   </div>
   <div class='ocr_carea' id='block_1_4' title="bbox 240 3527 1230 3676">
    <p class='ocr_par' dir='ltr' id='par_1_8' title="bbox 240 3527 1230 3676">
     <span class='ocr_line' id='line_1_43' title="bbox 240 3527 1230 3644; baseline -0.011 -44"><span class='ocrx_word' id='word_1_414' title='bbox 240 3549 366 3612; x_wconf 75' lang='lat' dir='ltr'>gloriaque</span> <span class='ocrx_word' id='word_1_415' title='bbox 379 3551 434 3622; x_wconf 82' lang='lat' dir='ltr'>laus</span> <span class='ocrx_word' id='word_1_416' title='bbox 447 3547 597 3620; x_wconf 79' lang='lat' dir='ltr'>temporibus</span> <span class='ocrx_word' id='word_1_417' title='bbox 613 3547 755 3620; x_wconf 82' lang='lat' dir='ltr'>acquiritur,</span> <span class='ocrx_word' id='word_1_418' title='bbox 769 3546 873 3595; x_wconf 90' lang='lat' dir='ltr'>eandem</span> <span class='ocrx_word' id='word_1_419' title='bbox 889 3546 1005 3616; x_wconf 76' lang='lat' dir='ltr'>docerent</span> <span class='ocrx_word' id='word_1_420' title='bbox 1020 3545 1046 3593; x_wconf 92' lang='lat' dir='ltr'>in</span> <span class='ocrx_word' id='word_1_421' title='bbox 1064 3551 1154 3620; x_wconf 78' lang='lat' dir='ltr'>medio</span> <span class='ocrx_word' id='word_1_422' title='bbox 1168 3555 1196 3602; x_wconf 89' lang='lat' dir='ltr'>si.</span> <span class='ocrx_word' id='word_1_423' title='bbox 1228 3527 1230 3644; x_wconf 44' lang='grc'><strong>4</strong></span> 
     </span>
     <span class='ocr_line' id='line_1_44' title="bbox 240 3605 1196 3676; baseline -0.013 -13"><span class='ocrx_word' id='word_1_424' title='bbox 240 3617 290 3663; x_wconf 87' lang='lat' dir='ltr'>tarn</span> <span class='ocrx_word' id='word_1_425' title='bbox 306 3619 329 3662; x_wconf 86' lang='lat' dir='ltr'>et</span> <span class='ocrx_word' id='word_1_426' title='bbox 343 3625 481 3676; x_wconf 74' lang='lat' dir='ltr'>propiorem</span> <span class='ocrx_word' id='word_1_427' title='bbox 494 3610 564 3660; x_wconf 87' lang='lat' dir='ltr'>nobu</span> <span class='ocrx_word' id='word_1_428' title='bbox 576 3623 650 3672; x_wconf 89' lang='lat' dir='ltr'>quarn</span> <span class='ocrx_word' id='word_1_429' title='bbox 661 3611 745 3659; x_wconf 86' lang='lat' dir='ltr'>Seruo</span> <span class='ocrx_word' id='word_1_430' title='bbox 759 3609 844 3657; x_wconf 82' lang='lat' dir='ltr'>Galbae</span> <span class='ocrx_word' id='word_1_431' title='bbox 858 3612 901 3656; x_wconf 88' lang='lat' dir='ltr'>aut</span> <span class='ocrx_word' id='word_1_432' title='bbox 915 3607 974 3656; x_wconf 81' lang='lat' dir='ltr'>ono</span> <span class='ocrx_word' id='word_1_433' title='bbox 987 3605 1106 3672; x_wconf 79' lang='lat' dir='ltr'>Carboni,</span> <span class='ocrx_word' id='word_1_434' title='bbox 1123 3629 1196 3676; x_wconf 62' lang='lat' dir='ltr'>quos.</span> 
     </span>
    </p>
   </div>
   <div class='ocr_carea' id='block_1_5' title="bbox 240 3667 1230 3774">
    <p class='ocr_par' dir='ltr' id='par_1_9' title="bbox 240 3667 1230 3774">
     <span class='ocr_line' id='line_1_45' title="bbox 240 3667 1230 3774; baseline 0 -48"><span class='ocrx_word' id='word_1_435' title='bbox 240 3689 288 3738; x_wconf 87' lang='lat' dir='ltr'>que</span> <span class='ocrx_word' id='word_1_436' title='bbox 302 3675 362 3726; x_wconf 82' lang='lat' dir='ltr'>elios</span> <span class='ocrx_word' id='word_1_437' title='bbox 379 3674 466 3726; x_wconf 83' lang='lat' dir='ltr'>merito</span> <span class='ocrx_word' id='word_1_438' title='bbox 480 3672 592 3736; x_wconf 88' lang='lat' dir='ltr'>antiquos</span> <span class='ocrx_word' id='word_1_439' title='bbox 611 3684 761 3726; x_wconf 76' lang='lat' dir='ltr'>vocaremus.</span> <span class='ocrx_word' id='word_1_440' title='bbox 777 3671 835 3720; x_wconf 84' lang='lat' dir='ltr'>sunt</span> <span class='ocrx_word' id='word_1_441' title='bbox 851 3667 918 3720; x_wconf 85' lang='lat' dir='ltr'>eninr</span> <span class='ocrx_word' id='word_1_442' title='bbox 928 3667 1028 3735; x_wconf 53' lang='lat' dir='ltr'>,horridi</span> <span class='ocrx_word' id='word_1_443' title='bbox 1042 3673 1070 3720; x_wconf 86' lang='lat' dir='ltr'>ct</span> <span class='ocrx_word' id='word_1_444' title='bbox 1086 3672 1195 3738; x_wconf 85' lang='lat' dir='ltr'>impoliti</span> <span class='ocrx_word' id='word_1_445' title='bbox 1228 3667 1230 3774; x_wconf 48' lang='lat' dir='ltr'>i</span> 
     </span>
    </p>
   </div>
   <div class='ocr_carea' id='block_1_6' title="bbox 0 0 1252 4080">
    <p class='ocr_par' dir='ltr' id='par_1_10' title="bbox 0 0 1252 4080">
     <span class='ocr_line' id='line_1_46' title="bbox 0 0 1252 4080; baseline 0 0"><span class='ocrx_word' id='word_1_446' title='bbox 0 0 1252 4080; x_wconf 95' lang='lat' dir='ltr'> </span> 
     </span>
    </p>
   </div>
  </div>
 </body>
</html>
