2524 4088
294 290 488 343 ltthOGUE
507 293 576 344 stili
595 295 887 348 insonantibus.
1013 291 1062 344 403

119 417 208 473 ,ages
229 404 279 459 soit
303 404 406 488 derant
426 405 453 460 le
482 405 569 476 sinat,
600 407 652 464 soit
679 408 782 464 derant
806 409 833 465 le
858 408 965 480 prinae.
994 403 1064 464 tout

118 484 290 541 recemment
300 527 310 556 ,
334 487 434 558 Eprius
452 488 597 544 Marcellus
616 490 692 546 a·t·il
711 489 813 563 oppose
833 489 850 545 d
872 487 901 546 le
918 488 1008 546 colere
1026 487 1063 544 du

118 565 198 622 senat
225 583 334 624 aucune
363 571 442 625 autre
470 569 550 626 chose
579 587 633 644 que
661 589 711 629 son
739 572 910 646 eloquence?
937 570 1064 628 (intrasse

50 721 58 734 ι
116 666 170 722 par
189 649 243 707 elle
264 655 290 707 et
314 656 474 722 menacant,
500 651 521 709 u
543 668 560 709 a
581 654 683 711 rainon
704 655 733 711 la
753 670 860 728 sagesse
882 654 1062 724 d'llelridius,

116 747 229 804 sagesse
256 733 403 808 eloquente
427 736 511 805 aussi,
529 737 602 793 mais
619 737 745 794 inhabile
768 741 796 794 at
819 752 874 812 peu
887 738 954 795 inite
979 735 996 793 d
1017 751 1063 793 ces

114 816 251 874 combats.
272 818 303 873 Je
322 833 358 873 ne
376 819 497 890 parlerai
516 834 566 890 pas
583 820 737 891 davantage
756 820 790 876 de
803 820 930 890 l’utilite,
954 835 1001 876 car
1014 835 1063 876 sur

115 913 148 954 ce
168 901 246 972 point
264 904 345 958 notre
366 903 423 957 ami
446 903 597 973 Maternus,
616 903 646 976 je
665 903 692 958 le
715 917 811 975 pense,
831 919 868 959 ne
891 919 938 959 me
956 897 1063 962 con'tre-

114 980 179 1038 dira
193 999 252 1055 pas.

151 1065 197 1120 Vl.
213 1067 271 1122 nte
283 1081 363 1139 passe
373 1082 410 1123 au
419 1068 515 1140 plaisir
524 1085 578 1142 que
588 1083 705 1140 procuro
719 1069 902 1144 l’eloquence,
911 1071 940 1126 et
951 1068 1063 1128 cen'est

114 1161 166 1220 pas
179 1163 219 1202 un
233 1148 331 1220 plaisir
343 1148 412 1205 d’un
432 1150 550 1220 instant,
565 1151 637 1206 mais
651 1167 770 1225 presque
790 1153 825 1210 de
843 1156 906 1208 tous
920 1151 962 1208 les
972 1152 1062 1224 joun,

114 1233 144 1286 et
159 1246 278 1304 presque
292 1231 327 1287 de
338 1233 478 1288 toutesles
487 1232 598 1290 heures.
614 1234 686 1302 Quoi
695 1234 730 1291 de
739 1233 802 1306 plus
814 1235 888 1292 doux
897 1233 913 1290 b
922 1251 960 1290 un
975 1237 1063 1306 esprit

114 1311 199 1383 libre,
209 1312 307 1370 delicat
317 1318 345 1369 et
353 1311 405 1370 lali
414 1329 485 1386 pour
493 1315 535 1371 les
547 1316 719 1388 jouissances
733 1316 880 1386 honnbtes,
893 1333 948 1389 qne
957 1315 1062 1374 devoir

114 1397 227 1471 chaque
239 1398 304 1471 jour
318 1398 445 1454 acoourir
453 1399 520 1456 chen
530 1401 569 1455 soi
579 1399 619 1455 les
628 1400 758 1458 hommes
769 1401 809 1457 les
821 1402 885 1474 plus
897 1399 1060 1472 distinguas,

114 1484 144 1537 et
158 1480 192 1537 de
206 1481 298 1538 savoir
310 1481 593 1557 queceshommages
602 1498 638 1538 ne
647 1482 1061 1557 s¹adressentpointbl'srgent,

113 1561 174 1619 blo
188 1564 353 1635 successim,
369 1579 424 1620 anx
437 1565 566 1638 emplois,
581 1565 653 1622 mais
663 1563 716 1622 dla
730 1581 868 1639 personne
882 1564 980 1622 seule?
994 1565 1061 1621 Bien

113 1645 190 1720 plus,
199 1647 240 1703 les
253 1647 389 1703 hommesv
398 1663 462 1704 sans
476 1646 615 1716 heritiers,
624 1647 665 1704 les
678 1648 780 1717 riches,
790 1649 830 1704 les
841 1646 980 1722 puissants
993 1663 1061 1704 eux·

113 1728 233 1802 memes,
242 1731 375 1786 riennent
385 1731 452 1787 chen
460 1729 602 1800 l'orateur,
616 1731 665 1803 qui
676 1734 718 1787 est
731 1729 835 1804 le‘plas
845 1734 965 1788 sourarn
972 1729 1061 1802 jaune

113 1817 141 1870 et
156 1828 271 1884 paurre,
286 1829 357 1886 pour
371 1813 506 1870 chercher
515 1829 555 1892 'sa
572 1813 726 1885 'protectior
746 1829 817 1886 pour
836 1813 1009 1870 eux-memes
1023 1827 1060 1869 ou

113 1896 1060 1970 pourleursamis.Tronve-t·ondanslaplusgrnndeiorhrne,dans

5 1985 6 1990 ’
113 1978 144 2036 la
159 1979 222 2051 plus
235 1977 321 2036 haute
334 1980 489 2051 puissanee,
504 1995 562 2036 una
577 1978 940 2053 satisfactiondgalebcelle
953 1980 1060 2036 devoir

5 2097 6 2102 κ
113 2061 163 2118 des
173 2061 326 2132 vieillards,
338 2064 469 2118 soutenus
483 2077 534 2135 par
543 2063 572 2119 lo
581 2063 781 2119 coaddit-atlon
797 2064 835 2118 du
848 2063 949 2120 monde
957 2064 1058 2132 entier,

5 2163 6 2188 ³
113 2160 231 2215 avouer‚
247 2145 387 2217 lorsqrr'ils
401 2147 448 2201 ont
464 2146 530 2200 arec'
546 2145 689 2218 plenitude
703 2145 882 2202 l’abondanoe
894 2144 930 2200 de
941 2147 1006 2201 tous
1018 2145 1059 2202 les

5 2235 6 2264 i
112 2229 205 2298 biens,
220 2243 274 2300 que
293 2228 319 2284 le
337 2228 399 2300 plus
414 2228 545 2302 precieux
560 2228 609 2284 des
621 2230 702 2284 hiens
714 2227 777 2283 leur
793 2229 941 2299 maeque?
960 2227 1058 2295 Quand

112 2310 245 2367 l'orateur
258 2311 315 2366 sort
328 2325 365 2366 en
379 2310 489 2384 public,
511 2311 578 2384 quel
596 2309 712 2381 cortege
722 2309 756 2365 da
777 2309 893 2366 clienta!
909 2306 1001 2381 quelle
1012 2323 1059 2366 ra·

5 2421 6 2424 ¹
112 2393 320 2468 presentationi
336 2396 403 2466 quel
423 2398 531 2467 respect
549 2392 620 2449 dans
633 2393 674 2448 les
696 2391 862 2448 tribunaux!
882 2391 947 2464 quel
961 2390 1059 2464 plaisir

112 2571 164 2636 tie,
175 2569 318 2634 praesidium
331 2570 407 2620 simul
422 2583 450 2620 ac
464 2571 554 2644 telum,
566 2583 615 2633 quo
629 2580 784 2681 propugnare
797 2568 889 2632 ponaer
903 2572 927 2618 et
940 2569 1058 2621 incessere

111 2636 164 2684 sire
180 2633 311 2694 injudicio
325 2633 375 2682 sive
389 2633 417 2680 in
431 2637 517 2681 senatu
529 2647 578 2682 sne
594 2635 657 2694 opud
691 2631 808 2694 rincipem
819 2632 905 2692 possis.
917 2632 976 2692 quid
990 2633 1056 2682 aliud

111 2695 207 2746 infestis
227 2696 338 2746 Patribus
356 2707 436 2756 nuper
454 2693 543 2757 Eprius
561 2695 692 2744 Marcellus
711 2707 784 2756 quam
804 2693 968 2754 eloquentiam
988 2707 1057 2744 suurn

111 2755 1057 2880 titititia{tibinbiadastis,attentaretis

110 2882 217 2992 nullitate
229 2895 278 2931 non
290 2881 353 2946 dico,
362 2881 402 2930 cui
414 2882 478 2943 parti
489 2881 591 2931 minima
604 2881 812 2932 contradicturum
823 2881 963 2932 Maternum
974 2893 1057 2930 meum

111 2959 141 2994 ar
159 2957 229 2992 rror.
666 2965 670 2972 v

145 3005 190 3054 Vl.
213 3021 227 3053 u
244 3005 282 3056 hd
300 3007 452 3068 voluptatem
468 3005 581 3058 oratoriae
597 3005 743 3067 eloquenda
756 3007 862 3078 transeo,
884 3003 956 3064 cujus
967 3003 1057 3064 jucun·

111 3067 177 3117 ditas
188 3081 238 3116 non
249 3081 298 3117 uno
314 3067 396 3130 aliquo
411 3072 543 3132 momento,
558 3067 598 3116 sed
614 3067 727 3116 omnihus
746 3077 822 3128 prope
839 3067 923 3114 diebus
938 3077 966 3112 ac
981 3077 1056 3126 prope

111 3131 228 3178 omnibus
240 3129 307 3179 boris
320 3129 446 3190 contingit.
461 3129 520 3190 quid
534 3130 600 3179 enim
613 3130 709 3178 dulcius
724 3128 801 3176 libero
818 3129 843 3176 et
855 3127 962 3188 ingenuo
972 3125 1056 3174 animo

109 3195 137 3242 et
154 3192 185 3240 ad
196 3194 330 3254 voluptates
349 3191 461 3239 honestas
478 3192 535 3238 nato
549 3204 624 3254 quam
637 3191 719 3238 ridere
738 3190 836 3250 plenam
857 3201 953 3248 semper
968 3190 994 3236 et
1008 3189 1057 3236 ire·

109 3255 229 3316 quentem
242 3254 345 3304 domurn
355 3267 425 3302 suam
437 3266 557 3302 concursu
570 3251 820 3314 splendidissimorum
827 3247 973 3298 bominum?
981 3249 1055 3312 idque

109 3315 173 3365 scire
189 3329 241 3364 non
260 3315 379 3378 pecuniae,
397 3327 447 3364 non
466 3313 563 3364 orbitati
582 3327 662 3374 neque
681 3311 757 3361 oflicii
779 3311 884 3374 alicujus
902 3311 1056 3361 administra·

109 3377 184 3440 tioni,
200 3377 243 3426 sed
259 3375 306 3427 sihi
319 3377 365 3441 ipsi
378 3375 446 3426 darii
465 3377 520 3425 illos
535 3375 685 3438 quinimmo
699 3375 770 3424 orbos
788 3376 813 3424 et
828 3376 961 3438 locupletos
975 3379 999 3424 et
1012 3387 1056 3437 po·

110 3442 193 3489 tentes
207 3438 290 3488 venire
303 3440 449 3502 plerumque
469 3439 501 3488 ad
522 3437 639 3500 juvenem
655 3439 680 3486 et
697 3449 839 3501 pauperem,
855 3440 884 3486 ut
898 3439 942 3486 aut
955 3449 999 3485 sua
1013 3438 1056 3484 aut

110 3501 249 3550 amicorum
263 3500 404 3550 discrimina
416 3502 595 3550 commendent.
608 3500 695 3551 [illone
705 3503 771 3551 tantu
784 3498 922 3564 ingentium
937 3511 1012 3560 opum
1026 3511 1055 3547 eo
1116 3547 1119 3562 ,

109 3577 208 3626 magnae
222 3563 336 3625 potentiae
345 3565 465 3627 voluptas,
476 3577 550 3626 quam
564 3565 674 3626 spectare
685 3561 796 3611 homines
808 3564 900 3611 veteres
913 3563 937 3608 et
951 3571 1019 3608 senes
1030 3561 1055 3609 et

110 3623 187 3673 totius
201 3625 267 3675 orbis
285 3623 364 3688 motio
384 3625 496 3674 subnixos
511 3625 536 3674 in
558 3639 654 3676 summa
673 3637 758 3673 rerum
772 3623 884 3672 omniurn
903 3621 1053 3671 abundantia

109 3685 263 3750 confitentes,
276 3687 302 3736 id
317 3687 382 3748 quod
396 3687 516 3748 optimum
530 3687 570 3751 sit,
582 3701 607 3737 se
621 3683 787 3736 nonhaherei
798 3685 920 3745 jamvero
933 3682 977 3743 qui
987 3685 1054 3745 toan
