2442 4090
284 311 286 318 ’
358 307 575 368 6666666666,
596 309 707 360 66666
725 309 746 360 6.
773 293 780 306 ”
982 309 1012 362 aa

67 427 152 480 notre
173 425 258 493 666661,
282 437 333 496 666
354 422 380 479 16
400 427 534 494 66666166,
557 437 814 498 queperaonnene
833 423 874 480 161
896 425 1012 484 deman-

66 505 137 574 dait,
152 505 185 560 de
199 509 259 562 1661
273 505 306 561 de
319 505 437 561 milliers
457 505 492 562 de
515 505 617 562 soldats
634 507 789 562 innocents.
803 507 846 563 Un
862 509 1013 566 sentiment
1052 505 1055 511 '

65 587 216 644 d'horreur
232 589 306 644 661611
327 603 394 644 mon
413 588 487 658 tme,
503 589 597 661 quand
607 589 636 661 jc
650 605 697 644 me
710 588 834 662 reppello
847 604 878 646 66
896 589 1012 648 funebre

64 669 164 727 entrde
183 671 252 726 dans
270 671 368 740 Rome,
387 673 415 726 et
432 671 461 726 la
480 670 555 727 seule
569 671 764 744 victoire·qu’il
787 673 826 728 ait
844 673 1011 744 rampertee,

64 750 227 826 lorsqu'aux
239 767 312 826 yeux
324 751 357 809 de
371 755 447 809 toute
460 752 574 823 1661116,
588 753 609 808 il
621 752 653 808 tit
662 753 784 809 decimor
797 754 844 810 des
857 756 1013 828 suppliants

63 833 137 906 qn'il
149 838 223 891 avait
245 849 326 905 66666
346 850 382 891 66
405 834 496 906 grece.
512 834 610 891 Arrire
624 850 689 890 sous
708 835 744 892 de
758 837 859 908 pareils
875 839 1010 910 auspices,

63 915 160 988 quelle
173 917 261 990 gleire
273 915 347 974 a-t-il
359 918 471 990 acquise
485 917 555 972 dans
565 916 592 973 le
608 922 838 990 gouvernement,
857 920 881 974 si
897 935 929 976 ce
942 923 1012 980 n'est

63 998 174 1054 d'avoir
193 998 241 1054 tue
264 999 383 1055 Sabinus
395 1003 424 1054 et
446 998 590 1054 Marcellus
613 1015 648 1055 en
668 1001 803 1071 Espagne,
819 1000 920 1057 Betuus
932 1001 1012 1060 Chilo

64 1080 140 1137 dans
153 1081 182 1136 la
195 1081 291 1152 Gaule,
303 1082 418 1154 (lapiton
433 1077 468 1136 en
482 1081 641 1150 Germanic,
656 1081 746 1156 Macer
758 1099 794 1138 cn
806 1083 931 1156 Afrique,
947 1085 1012 1141 Cin-

64 1163 169 1234 gonius
180 1179 230 1219 sur
243 1180 282 1220 un
294 1163 416 1234 chemin,
429 1162 604 1235 Turpilianus
618 1164 688 1220 dans
698 1164 727 1220 16
741 1165 817 1233 61116,
828 1166 1011 1244 Nymphidius

63 1245 137 1301 dans
147 1244 174 1302 le
182 1247 285 1318 camp?
295 1246 376 1302 Est-il
385 1261 442 1302 une
450 1245 592 1317 province,
600 1261 657 1301 une
669 1245 763 1301 armee
775 1246 844 1318 qn’il
855 1246 922 1304 n'ait
932 1249 1011 1320 point

64 1327 265 1398 ensanglantee
277 1331 305 1383 61
320 1325 445 1396 souillee,
458 1343 506 1396 ou,
518 1342 626 1383 comme
641 1327 662 1382 il
679 1327 705 1380 le
719 1326 760 1382 dit
772 1325 930 1398 lui-meme,
942 1330 1011 1403 epu·

64 1407 114 1464 ree
123 1411 151 1464 et
164 1407 305 1480 corrigie?
318 1407 359 1462 En
373 1405 450 1476 61161,
465 1407 486 1462 il
499 1406 608 1479 appelle
622 1407 749 1478 riguenrs
761 1407 904 1468 salutaires
912 1425 943 1466 ce
955 1427 1010 1484 que

64 1487 188 1546 d’autres
208 1489 347 1563 appellent
368 1490 483 1558 crimes3
507 1493 547 1558 et,
568 1489 695 1545 dormant
707 1489 742 1544 de
765 1489 830 1544 1666
852 1506 934 1546 66666
955 1508 1009 1548 aux

63 1571 175 1641 choses,
188 1572 210 1626 il
227 1587 341 1627 nomme
360 1571 389 1626 la
408 1571 536 1627 barbarie
554 1568 681 1638 61616111,
704 1570 833 1627 l'avarice
856 1571 1008 1645 economie,

64 1651 212 1724 discipline
228 1669 277 1710 ros
292 1653 428 1726 supplices
444 1658 536 1712 61666
553 1652 754 1708 humiliatione.
771 1653 837 1725 Sept
855 1655 927 1709 mois
938 1671 1010 1713 nous

64 1733 838 1807 666666611661661616666116Ν1666;6116’11161166
852 1736 939 1793 arole
946 1739 1009 1810 plus

63 1819 100 1875 de
115 1817 250 1880 richesses
262 1833 317 1891 que
330 1819 370 1876 les
384 1817 532 1890 Polyclete,
544 1811 585 1874 les
595 1817 722 1872 Vatinius
731 1820 766 1872 et
782 1816 823 1874 les
836 1817 930 1875 Helius
943 1820 1008 1878 n’en

64 1899 236 1958 amass'ereut
256 1900 367 1972 jamais.
386 1899 485 1975 Vinius
506 1897 553 1955 6611
575 1897 685 1954 6666166
709 1897 802 1954 moins
824 1899 962 1958 d'ararice
982 1907 1009 1960 61

64 1982 232 2040 d'insolence
254 1982 297 2038 s'il
316 1980 364 2038 6611
387 1979 473 2054 re'gne
485 1979 648 2050 lui-meme3
671 1981 743 2036 mais
764 1979 785 2036 il
799 1995 870 2038 nous
883 1985 1008 2055 opprime

64 2079 176 2122 comme
185 2063 209 2119 si
222 2079 294 2120 nous
306 2063 395 2119 etions
408 2077 452 2118 ses
463 2062 559 2134 sujets,
570 2065 598 2117 et
605 2075 677 2117 nous
684 2061 805 2133 meprise
814 2078 923 2120 comme
932 2065 1009 2122 etant

64 2163 136 2204 ceux
154 2144 221 2203 d'un
243 2151 333 2203 autre.
355 2145 391 2202 Sa
410 2143 521 2216 fortune
543 2143 618 2200 seule
640 2141 759 2200 suifirait
778 2142 853 2202 1666
875 2145 1009 2218 largesses

64 2231 151 2304 qu'on
164 2244 201 2285 ne
211 2245 282 2286 rous
294 2228 385 2285 donne
398 2227 509 2302 jamais,
522 2230 550 2282 ei
563 2225 649 2300 qu'on
661 2241 735 2284 rous·
749 2227 883 2300 666666166
901 2228 1008 2302 chaque

76 2327 139 2369 our.

62 2329 73 2385 J
100 2393 232 2450 llllllVlll.
249 2391 369 2461 6116166,
380 2405 452 2464 6666
460 2390 531 2448 faire
539 2391 667 2447 craindre
677 2405 726 2446 son
736 2402 896 2448 successeur
903 2391 1007 2463 meme,

64 2475 191 2550 66666116
202 2476 236 2532 de
248 2475 323 2532 l’exil
331 2474 467 2531 l’homme
477 2472 547 2546 qu'il
560 2475 613 2530 sait
621 2472 663 2530 lui
672 2473 837 2531 ressemhler
845 2473 873 2532 le
884 2475 948 2548 plus
956 2491 1008 2548 666

64 2659 165 2708 6111666
179 2657 342 2708 trucidaverit.
356 2657 445 2706 horror
458 2655 568 2706 animum
582 2653 656 2719 subit,
670 2654 765 2718 quoties
777 2656 892 2706 recordor
904 2656 1007 2708 feralem

64 2737 77 2766 6
91 2721 220 2769 1616611666
235 2725 260 2769 61
275 2721 338 2768 hanc
352 2719 429 2768 solam
443 2718 528 2768 Galhae
546 2717 687 2780 6161661666,
705 2731 782 2779 quum
796 2717 823 2767 in
837 2716 914 2768 oculis
935 2720 1008 2769 Urbis

64 2798 77 2828 6
89 2781 214 2832 decuma-ri
228 2781 321 2830 deditos
331 2780 430 2840 juberet
437 2816 445 2842 ,
456 2792 517 2840 quos
530 2779 686 2838 deprecantes
696 2778 722 2826 in
733 2779 809 2828 tidem
823 2784 957 2843 acceperat.
969 2781 1007 2832 his

64 2843 204 2905 »auspiciis
222 2844 313 2893 Urbem
330 2842 467 2912 ingressus,
484 2853 558 2901 quam
575 2840 679 2900 gloriam
698 2840 728 2887 ad
741 2841 906 2903 principatum
924 2843 1007 2891 attulit

64 2922 77 2953 6
89 2903 223 2953 6161666161
236 2901 376 2964 Obultromi
386 2903 470 2952 Sabini
482 2904 506 2950 et
516 2901 622 2950 Cornelii
635 2901 747 2950 Marcelli
756 2902 784 2951 in
795 2903 924 2965 Hispania,
936 2903 1008 2952 Betui
1032 2955 1035 2964 Χ

64 2984 76 3014 6
89 2966 200 3016 Chilonis
215 2965 241 3014 in
253 2965 342 3036 Gallia,
356 2963 453 3013 Fonteii
466 2962 587 3034 Capitonis
600 2962 628 3010 in
642 2963 782 3026 Germania,
796 2963 874 3013 Clodii
888 2964 966 3014 Macri
980 2965 1007 3012 16

65 3045 77 3075 6
89 3028 189 3088 Africa,
203 3026 318 3086 Cingonii
332 3039 358 3073 66
371 3025 424 3088 616,
434 3023 571 3087 Turpiliani
584 3022 610 3070 in
624 3025 704 3096 Urbe,
714 3024 857 3086 Nymphidii
869 3026 896 3073 in
908 3025 1007 3074 castris?

65 3102 145 3151 aqum
155 3101 260 3160 usquam
274 3086 410 3150 provincio,
425 3099 480 3146 quae
494 3089 573 3133 castra
586 3089 644 3132 sunt
657 3086 705 3133 6166
718 3087 818 3136 6666616
835 3088 859 3134 61
872 3087 1007 3152 maculata,

38 3178 45 3190 ·
65 3155 141 3213 6661,
153 3153 183 3198 61
196 3163 247 3210 lpse
260 3148 376 3211 praedicat
398 3148 527 3196 emendato
540 3145 700 3196 6166666161
714 3161 772 3196 nam
783 3159 838 3207 666
852 3147 894 3195 6111
906 3148 1007 3213 scelera,

66 3229 78 3259 6
89 3214 130 3263 hic
145 3211 256 3260 remedia
268 3214 353 3272 66661,
366 3185 426 3258 dum
440 3207 507 3258 falsis
520 3206 658 3278 nominihus
671 3208 821 3280 severitatem
835 3222 879 3271 666
899 3209 1007 3282 66661116,

66 3272 325 3337 6666616661666666
343 3270 460 3333 avaritia,
478 3271 599 3330 supplicia
616 3273 640 3316 et
655 3271 814 3318 contumelras
830 3274 920 3320 6661666
937 3273 1008 3321 drsci·

66 3338 183 3399 66116666
199 3335 312 3394 appellat.
328 3337 420 3393 septem
437 3346 451 3380 6
465 3329 569 3380 Neronis
583 3330 633 3378 fine
651 3343 747 3380 menses
765 3335 833 3403 sunt,
849 3336 873 3380 et
883 3331 936 3392 jam
952 3336 1007 3394 plus

67 3397 173 3460 6666611
186 3395 265 3444 166166
283 3407 357 3454 quam
373 3395 438 3454 quod
450 3392 567 3454 Polycleti
585 3395 609 3439 61
627 3391 719 3440 Vatinii
735 3393 760 3440 et
775 3393 840 3442 Η6161
851 3401 1006 3454 6666666661.

68 3461 185 3510 »minore
201 3455 302 3506 avaritia
315 3459 343 3504 ac
356 3455 456 3505 licentia
467 3457 587 3517 grassatus
598 3457 660 3502 esset
672 3453 701 3501 T.
714 3453 815 3517 Vinius,
830 3453 851 3502 si
862 3455 915 3515 1666
929 3455 1007 3517 impe-

69 3521 189 3570 »raaset'r
206 3513 273 3570 nunc
289 3520 313 3566 et
329 3517 449 3578 subjectos
467 3528 510 3563 nos
526 3514 613 3564 habuit
631 3517 757 3576 tamquam
773 3529 842 3578 suos,
860 3519 885 3564 et
902 3516 962 3563 61166
978 3523 1006 3564 61

69 3584 193 3632 66116666.
206 3593 257 3628 una
270 3579 313 3628 illa
326 3579 412 3628 domus
424 3577 517 3627 sufficit
529 3575 652 3639 donativo,
666 3577 730 3636 qnod
744 3575 811 3624 robis
825 3588 950 3634 nunquam
963 3575 1005 3622 da-

70 3647 132 3692 6166
142 3647 167 3694 61
177 3641 286 3704 quotidie
299 3642 465 3702 exprobratur.

98 3703 232 3754 XXXVlll.
247 3716 261 3749 s
278 3703 312 3752 Ac
325 3715 356 3752 ne
369 3717 418 3764 qna
431 3703 518 3753 saltem
531 3701 558 3750 in
570 3709 705 3750 successore
717 3695 801 3746 Galba
814 3705 867 3758 spes
882 3695 950 3754 esset,
964 3704 1004 3741 66·-
