2524 4088
209 253 259 308 no
599 251 743 306 111111.
842 233 847 243 ’

209 384 261 442 par
274 384 322 426 son
337 369 421 442 esprit
434 373 462 424 et
476 383 519 425 ses
530 366 649 440 qualitas
663 368 768 424 nativas
780 357 869 440 plutdt
882 367 1034 441 queparla
1043 367 1161 426 culture

209 451 271 510 etle
280 453 390 510 travail.
402 454 443 507 En
451 451 527 521 ellat,
537 450 675 507 secundus
684 452 758 508 avait
766 451 794 507 la
803 451 897 524 parole
907 454 1039 520 correcte,
1049 451 1160 522 serres,

210 539 237 592 et
250 535 457 592 sulfisamment
470 533 636 590 abundante.
657 537 739 606 Aper,
760 550 827 590 avec
841 549 896 589 une
914 535 1080 590 instruction
1093 534 1158 591 vul·

210 619 296 689 gaire,
309 617 452 691 me'prisait
466 617 506 672 les
521 618 615 673 lettres
630 617 808 690 plutdtqu'il
822 631 857 672 ne
870 615 911 672 les
931 618 1066 688 ignorail,
1085 618 1161 674 dans

209 700 288 757 l’idee
301 701 370 774 qu'il
383 717 411 757 se
427 700 509 758 lerait
521 715 577 756 une
595 701 753 774 reputation
773 697 925 772 d'aptitude
943 703 970 756 et
983 701 1017 757 de
1031 703 1161 773 capacite‘

209 783 351 856 beaucoup
368 785 431 856 plus
451 784 567 857 grande,
581 784 624 840 s'il
635 784 735 856 puisait
755 785 845 838 toules
859 799 901 840 ses
913 799 1068 840 ressources
1086 785 1161 842 dans

209 865 239 924 la
252 867 328 924 seule
342 867 416 925 lorce
427 869 462 925 de
476 883 525 924 son
539 866 628 939 genie.

248 949 292 1006 lll.
309 951 351 1006 En
365 953 477 1006 entrant
490 950 559 1006 dans
572 950 601 1007 la
615 949 748 1006 chambre
761 948 795 1005 de
804 949 953 1016 Maternus,
962 966 1032 1007 nous
1041 950 1069 1006 le
1077 953 1161 1008 trou-

210 1032 306 1089 vinies
315 1034 395 1102 assis,
403 1037 430 1089 et
439 1033 679 1090 lenantblamain
689 1033 715 1088 le
723 1031 897 1104 poemequ’il
905 1033 980 1089 avait
988 1032 1159 1092 lulaveille.

211 1114 352 1190 secundus
364 1116 455 1172 alors:
469 1115 534 1170 alib
544 1117 610 1190 quoi
622 1119 628 1171 l
644 1115 716 1171 dit-il
729 1113 906 1184 iaMalernus,
916 1115 944 1171 la
956 1116 1076 1188 critique
1088 1132 1163 1173 vous

211 1197 410 1271 ellraye-t-elle
424 1201 448 1257 si
461 1215 516 1273 peu
525 1215 580 1272 que
595 1216 663 1256 vous
677 1215 756 1272 sopez
771 1197 887 1274 charmi
900 1199 947 1256 des
955 1197 1115 1256 hardiesses
1124 1202 1162 1258 de

213 1283 288 1337 votre
304 1281 412 1338 Coton?
430 1285 585 1339 Aves-vous
601 1283 658 1355 pris
674 1297 707 1338 ce
720 1281 873 1337 manuscrit
887 1297 957 1354 pour
970 1282 997 1337 le
1009 1284 1163 1342 retnucher

212 1379 280 1421 avec
295 1365 367 1437 soin,
382 1369 421 1435 et,
433 1363 513 1438 apres
524 1365 601 1422 avoir
614 1364 711 1426 enlevd
721 1367 781 1420 tout
793 1380 824 1420 ce
833 1364 882 1437 qui
895 1364 972 1436 prete
985 1362 1060 1420 ades
1069 1367 1163 1423 inter-

212 1448 364 1520 pretations
388 1453 659 1522 compromettantes‚
675 1446 854 1504 voulez-vous
872 1447 983 1520 publier
999 1465 1040 1504 un
1058 1449 1159 1514 Cotom

210 1530 240 1602 ie
253 1548 289 1588 ne
300 1532 344 1588 dis
356 1548 406 1605 pas
419 1533 558 1602 meilleur,
570 1533 643 1589 mais
655 1533 748 1588 moins
761 1532 923 1602 dangereux
935 1547 1006 1604 pour
1019 1549 1089 1589 vous
1098 1535 1113 1590 ‘l
1122 1565 1162 1576 -

214 1613 287 1670 Lisez
301 1615 484 1685 vous-meme,
500 1616 523 1672 si
537 1631 605 1672 vous
617 1614 725 1684 voulez,
739 1613 868 1686 repondit
881 1614 1032 1684 Maternus,
1046 1617 1074 1670 et
1089 1631 1163 1674 rous

212 1699 386 1754 retrouverez
409 1714 442 1755 ce
462 1714 517 1771 que
538 1715 606 1756 vous
627 1713 693 1754 aven
716 1695 848 1753 entendu.
873 1696 900 1752 Si
925 1695 1011 1752 Coton
1028 1712 1045 1754 a
1064 1699 1164 1756 nublie'

213 1779 334 1852 quelque
346 1779 438 1852 chose,
455 1782 565 1855 Thyeste
575 1782 603 1838 le
616 1781 677 1837 dira
686 1779 703 1837 ia
712 1779 741 1836 la
752 1778 1032 1852 prochainelecture3
1048 1795 1099 1838 car
1107 1782 1162 1854 J'ai

213 1858 276 1933 ddja
290 1862 397 1935 disposd
410 1880 459 1920 rna
471 1863 604 1935 trage'die,
614 1867 642 1920 et
653 1863 682 1935 je
696 1863 745 1919 l'ai
758 1862 825 1919 laite
838 1877 874 1918 en
888 1862 1061 1920 moi-meme.
1076 1865 1162 1922 Aussi

211 1942 241 2014 ie
255 1944 314 1999 vais
324 1960 370 2000 me
378 1944 459 2001 litter
472 1947 505 2002 de
519 1946 629 2018 publier
641 1944 782 2018 l’ouvrage
796 1961 850 2018 que
863 1944 945 2014 voici,
960 1944 1019 2002 alin
1033 1963 1100 2018 que,
1109 1947 1162 2004 dd-

213 2025 340 2084 barrasse
353 2027 387 2084 de
398 2031 457 2084 tout
469 2032 548 2085 autre
559 2031 631 2098 suin,
643 2029 674 2100 je
693 2030 784 2101 puisse
795 2028 981 2101 m'appliqner
996 2032 1056 2085 tout
1068 2033 1163 2088 entier

215 2108 231 2166 ir
245 2124 292 2166 ma
305 2109 433 2168 nouvelle
445 2127 552 2169 oeuvre.
563 2139 599 2154 -
608 2113 696 2180 Quoi!
712 2110 752 2168 dit
764 2111 849 2184 Aper,
858 2127 928 2168 vous
944 2126 980 2166 ne
994 2127 1062 2168 vous
1074 2112 1162 2169 lassez

216 2191 286 2250 donc
298 2211 347 2268 pas
361 2195 395 2252 de
403 2197 492 2252 tontes
507 2212 551 2252 ces
564 2196 702 2268 tragedias
716 2197 766 2269 qui
778 2211 847 2252 vous
860 2195 919 2252 lont
932 2193 1039 2252 nublier
1052 2197 1094 2253 les
1108 2197 1163 2253 ha-

216 2282 375 2348 languesct
389 2277 552 2351 lesprocbs,
571 2282 598 2334 et
616 2277 696 2351 apres
717 2277 794 2334 avoir
808 2277 886 2349 passe
903 2280 964 2334 tout
976 2281 1054 2335 votre
1069 2281 1163 2353 temps

217 2363 316 2417 autour
328 2361 362 2418 de
376 2362 476 2428 Midae,
488 2361 560 2419 voilb
571 2378 627 2436 que
640 2378 709 2419 vous
719 2360 745 2418 le
756 2361 855 2434 perdes
869 2363 970 2418 autour
979 2361 1014 2418 de
1025 2362 1162 2432 lbpestr?

216 2528 295 2592 potius
311 2529 376 2578 etri
394 2533 489 2580 naturae
505 2543 579 2592 quam
597 2529 749 2579 institutione
766 2531 791 2578 et
808 2527 886 2578 literis
902 2529 994 2578 lamam
1010 2527 1162 2590 eloquentiae

216 2595 382 2640 consecutum.
397 2606 454 2641 nam
470 2595 494 2641 et
507 2591 619 2642 Secundo
634 2605 709 2654 purus
723 2594 747 2640 et
762 2603 860 2652 pressus
876 2592 909 2652 et,
928 2590 955 2637 in
969 2596 1088 2651 quantum
1103 2593 1163 2644 salis

216 2657 283 2715 erat,
298 2653 421 2716 profluens
434 2667 513 2703 sermo
527 2668 578 2704 nnn
591 2653 683 2715 deluit,
698 2657 722 2702 et
735 2653 800 2714 Aper
813 2652 880 2700 omni
898 2651 1034 2700 eruditione
1047 2652 1162 2704 imbutus

216 2716 383 2764 contemnebat
393 2715 473 2785 potius
485 2715 566 2765 literas
580 2729 654 2777 quam
666 2714 798 2776 nesciebat,
811 2719 927 2775 tanquam
941 2713 1061 2774 majorem
1075 2714 1162 2764 indus-

216 2776 269 2824 triae
285 2782 310 2824 et
323 2776 413 2823 laboris
426 2776 529 2838 gloriam
543 2778 680 2838 habiturus,
692 2777 712 2824 si
725 2774 852 2839 ingenium
865 2774 919 2835 ejus
935 2776 1008 2824 nullis
1021 2774 1161 2828 alienarum

216 2837 306 2886 artium
320 2836 475 2885 adminiculis
490 2836 562 2885 inniti
575 2838 705 2887 videretur.

248 2899 292 2948 lll.
314 2898 391 2959 Igitur
411 2903 439 2946 ut
458 2899 602 2946 intravimus
620 2899 761 2948 cubiculum
781 2893 899 2960 Materni,
921 2897 1045 2947 sedentem
1065 2897 1161 2964 ipsum,

217 2973 291 3022 quem
306 2959 384 3020 pridie
399 2957 549 3021 recitaverat,
565 2960 657 3008 librum
671 2959 735 3007 intra
749 2973 837 3008 manus
851 2959 983 3008 habentem
998 2959 1163 3021 deprehendi·

217 3035 283 3072 mus.
293 3021 357 3070 Tum
368 3022 504 3084 Secundus,
521 3037 534 3068 n
547 3021 645 3070 Nihilne
656 3024 691 3083 ta,
703 3021 791 3083 inquit,
804 3021 924 3082 Materne,
939 3023 1027 3070 lubulae
1038 3023 1162 3084 maligno·

217 3098 273 3132 rum
289 3087 385 3133 terrent
401 3082 544 3144 vquominus
564 3085 665 3131 oliensas
683 3081 773 3132 Catonis
792 3082 831 3130 tui
845 3082 928 3131 ames?
947 3096 979 3131 an
996 3082 1051 3130 ideo
1069 3083 1162 3134 librum

217 3144 293 3194 istum
313 3120 506 3208 approbandisti,
527 3148 555 3193 ut
575 3144 716 3205 diligentius
736 3149 891 3216 retractares,
910 3147 934 3192 et
954 3144 1054 3193 sublatis
1072 3145 1094 3192 si
1113 3159 1163 3207 qua

218 3217 299 3267 pravae
320 3207 510 3280 interpretationi
533 3207 663 3255 materiam
682 3206 801 3254 dederunt
841 3209 967 3254 emitteres
990 3204 1091 3256 Catonem
1112 3221 1162 3256 non

218 3267 319 3328 quidem
332 3270 473 3331 meliorem,
488 3269 530 3317 sed
548 3273 632 3318 tamen
652 3241 817 3316 securioreml
831 3281 845 3312 n
861 3267 924 3314 Tum
940 3267 995 3330 ille,
1011 3283 1024 3314 n
1041 3267 1119 3329 Leges
1135 3273 1162 3318 tu

218 3327 318 3389 quidem
332 3327 352 3375 si
366 3330 482 3391 volueris,
497 3334 520 3378 et
534 3343 650 3391 agnosces
661 3342 716 3390 quae
732 3327 828 3377 nuclistl.
844 3328 932 3388 quodsi
945 3341 993 3389 qua
1004 3329 1086 3378 omisit
1100 3329 1161 3394 Coto,

218 3389 327 3451 sequenti
346 3389 488 3438 recitatione
506 3391 605 3450 l'lyestes
620 3391 692 3440 dicet.
710 3391 774 3439 hanc
795 3390 860 3438 enim
877 3390 1021 3450 tragoediam
1038 3390 1161 3456 disposui,

217 3450 269 3510 iam
283 3453 306 3497 et
319 3449 383 3497 intra
399 3463 439 3498 me
448 3450 506 3510 ipse
526 3450 636 3500 formavi.
655 3457 726 3512 atque
740 3452 796 3500 ideo
810 3454 933 3499 maturare
951 3451 1006 3500 libri
1023 3452 1099 3513 hujus
1112 3454 1163 3502 edi-

220 3511 312 3560 tionem
327 3511 428 3570 lestino,
440 3514 468 3557 ut
485 3510 584 3558 dimissa
597 3512 678 3573 priore
692 3527 751 3560 cura
764 3524 833 3561 uovae
845 3511 985 3575 cogitationi
999 3515 1048 3560 toto
1063 3519 1162 3575 pectore

219 3573 392 3620 incumbam.»
408 3595 438 3606 -
454 3587 467 3617 n
478 3569 546 3641 Adeo
563 3576 586 3618 te
602 3573 723 3634 tragoediae
738 3573 790 3622 istae
808 3587 857 3620 non
873 3575 975 3637 satiant,
989 3573 1069 3636 inquit
1086 3577 1160 3640 Aper,

220 3633 349 3692 quominus
362 3630 456 3680 omissis
467 3632 604 3680 orationum
616 3636 639 3680 et
651 3647 780 3682 causarum
793 3634 879 3683 studiis
893 3649 965 3700 omne
979 3638 1076 3696 tempus
1088 3638 1161 3689 modo
