2444 4086
219 275 269 329 are
543 343 551 354 ι
618 275 763 328 suerro.

218 386 267 444 des
282 387 452 446 l’essemhlee
466 386 503 444 oir
518 388 611 444 iurent
623 386 684 442 lues
699 388 738 445 ies
758 386 853 444 lettres
865 387 899 444 de
912 385 1072 458 Vespasien.
1094 386 1116 444 il
1128 401 1163 441 ne

218 470 372 542 s’erprima¹
388 469 477 542 point,
491 483 600 524 comme
623 469 784 542 iepiupart,
802 484 839 524 en
858 472 961 525 tennes
980 469 1161 542 equivoques.

217 551 286 622 qu'il
300 550 393 607 aurait
401 567 450 624 pu,
461 567 512 625 par
520 551 548 608 ia
558 552 641 620 suite,
652 550 818 624 interpreter
829 549 905 607 selon
917 549 957 607 les
967 551 1161 622 dvdnement53

218 635 290 690 meis
301 631 322 688 il
336 649 364 689 se
375 635 455 706 jetait
468 633 662 691 irenchement
674 633 744 690 dens
757 634 783 689 ie
798 635 880 706 parii,
893 638 921 690 et
935 649 985 706 par
999 633 1059 690 cela
1070 636 1163 691 meme

217 717 238 774 il
252 716 316 774 n'en
331 718 398 774 erait
411 735 465 791 que
479 718 542 792 pins
561 718 627 774 cher
643 734 697 774 eux
716 717 827 789 soldets,
842 734 878 774 en
892 717 1053 774 s’essociant
1070 717 1087 774 d
1101 719 1164 775 leur

218 797 293 858 faute
306 816 344 857 ou
357 799 374 857 ir
388 800 451 857 leur
467 801 562 873 gleire.
925 795 927 800 ’

253 884 297 941 iV.
313 885 349 940 Le
366 889 547 958 procurateur
560 884 702 942 Cornelius
718 886 820 943 Fuscm
836 884 958 954 exermit
976 882 1058 956 apres
1074 884 1120 941 ini
1134 885 1164 943 le

216 965 279 1040 plus
296 967 437 1040 puissente
459 967 608 1024 iniluence.
624 967 741 1024 Hebitud
758 967 776 1024 ir
793 969 954 1040 s'emporier
967 983 1034 1023 sens
1052 965 1163 1026 reservo

216 1053 311 1106 contre
325 1049 462 1121 Vitellius,
478 1051 585 1116 Priscus
600 1049 688 1106 s'etait
706 1049 751 1106 dte
763 1053 839 1106 toute
853 1064 996 1106 ressource
1010 1066 1046 1105 en
1066 1066 1115 1106 ces
1129 1050 1163 1107 de

216 1145 319 1188 revers.
335 1134 367 1187 Α.
389 1132 549 1202 Flavianus,
564 1131 669 1198 indecis
682 1147 733 1205 par
755 1131 892 1189 cerect'ere
906 1135 934 1188 et
953 1147 1006 1203 per
1026 1132 1113 1189 l'eiiet
1128 1132 1162 1190 de

216 1213 296 1285 l’dge,
317 1215 457 1274 innituit-le
470 1214 594 1273 defiance
607 1214 657 1270 des
677 1215 790 1284 soldets,
805 1227 915 1270 comme
930 1215 973 1270 s’il
992 1214 1079 1272 seim
1099 1231 1162 1272 son-
1215 1281 1216 1284 Ἴ

218 1311 290 1352 venu
302 1312 357 1369 qne
370 1295 498 1353 Vitellius
512 1295 578 1352 eicit
593 1312 643 1353 son
656 1301 766 1370 parent.
789 1295 947 1365 li'eiiieurs,
964 1295 984 1351 il
1005 1295 1097 1352 s’etait
1111 1314 1162 1354 en·
1215 1305 1216 1358 ἶ

186 1403 189 1414 ·
217 1377 259 1434 sni
272 1394 309 1436 au
323 1380 446 1452 premier
461 1383 644 1436 mouvement
657 1378 705 1434 des
720 1378 839 1450 legions3
859 1379 921 1451 puis
936 1378 956 1434 il
972 1378 1042 1434 e'teit
1053 1394 1160 1436 reveno
1215 1381 1216 1422 i

215 1458 249 1515 de
263 1477 312 1517 son
326 1461 403 1533 plein
417 1459 477 1534 gre,
498 1465 525 1516 et
540 1476 576 1516 on
593 1461 700 1532 pensait
712 1462 781 1534 qu'il
796 1460 939 1517 cherchnit
956 1476 1013 1516 nne
1033 1463 1160 1518 occasion

215 1542 250 1600 de
262 1542 360 1600 trehir.
372 1546 413 1600 En
426 1542 501 1612 edet,
515 1544 536 1599 il
545 1543 635 1600 s'eteit
645 1542 729 1600 retire'
738 1543 773 1600 de
786 1544 929 1601 Pannouie
941 1558 979 1600 en
992 1544 1081 1614 italie,
1095 1549 1161 1602 etse

217 1627 303 1682 tenait
315 1641 351 1682 en
366 1625 466 1682 dehors
480 1626 518 1681 du
531 1624 647 1697 danger,
662 1626 773 1697 lorsque
786 1626 813 1682 le
827 1625 900 1683 ddsir
909 1625 992 1684 d'une
1001 1625 1160 1684 revolution

214 1705 241 1762 ie
253 1707 364 1780 porteir
385 1708 537 1781 reprendre
558 1724 609 1764 son
622 1708 685 1764 titre
703 1709 737 1764 de
751 1708 916 1778 lienienent,
937 1707 996 1764 etia
1018 1725 1048 1765 se
1070 1711 1162 1767 melei·

214 1805 271 1846 aur
291 1806 407 1862 guerres
422 1791 527 1860 civiles,
548 1789 705 1863 encourage
725 1791 793 1864 qu'il
812 1791 878 1848 erait
896 1808 947 1865 par
964 1792 1079 1861 Fuscus,
1102 1810 1160 1850 non
1215 1815 1216 1884 ᾖ

214 1891 263 1946 pes
277 1891 331 1948 que
344 1876 452 1932 celui-ci
464 1876 511 1932 evit
523 1877 620 1933 bosoin
632 1876 666 1933 de
681 1893 723 1933 ses
732 1877 843 1946 tarenis,
855 1877 926 1933 meis
937 1877 957 1932 ii
971 1877 1077 1934 voulait
1086 1879 1161 1950 jeter

214 1973 262 2014 sur
275 1974 315 2015 uu
328 1959 401 2030 parti
413 1959 461 2031 qui
473 1960 569 2016 venait
580 1959 614 2016 de
627 1959 719 2017 naitre
730 1960 822 2018 I'dclet
833 1961 899 2016 d’un
910 1976 977 2016 nom
989 1962 1158 2018 consuiaire.

249 2043 281 2099 V.
297 2043 341 2098 Du
353 2048 435 2112 reste,
452 2059 523 2115 pour
536 2047 631 2099 entrer
645 2044 788 2100 surement
808 2047 835 2099 et
852 2044 999 2099 utilement
1011 2059 1048 2098 en
1065 2045 1159 2115 ltelie,

214 2140 251 2182 on
265 2125 362 2182 ecrivit
374 2125 391 2182 e
405 2127 528 2200 Aponius
542 2127 709 2184 Saturninus
722 2126 756 2182 de
771 2142 800 2182 se
812 2125 892 2184 hister
907 2141 975 2183 avec
987 2126 1028 2182 les
1044 2129 1160 2200 troupes
1213 2169 1214 2172 ,

213 2207 248 2266 de
257 2209 354 2278 Mesie;
364 2213 392 2266 et
400 2210 459 2268 afin
467 2211 502 2267 de
509 2225 545 2266 ne
553 2211 630 2282 point
639 2227 754 2284 exposer
763 2226 817 2266 aux
824 2211 956 2267 Barbares
964 2211 1005 2266 ies
1012 2211 1159 2284 provinces

213 2307 277 2350 suns
284 2293 407 2365 defense,
414 2311 451 2351 on
461 2293 603 2352 enrdleles
611 2293 689 2350 cheis
698 2294 740 2351 les
748 2292 811 2368 pius
820 2295 952 2350 intluents
960 2294 1159 2352 dessermetes

213 2377 331 2450 iazyges.
348 2377 383 2434 lis
398 2376 526 2436 oiirirent
539 2378 677 2434 leontion
690 2376 850 2434 elle-meme
863 2382 890 2434 et
901 2377 929 2434 ie
941 2377 1092 2448 cavalerie,
1108 2381 1158 2452 qni

213 2546 251 2595 sui
264 2547 355 2596 tamam
369 2560 398 2596 ee
409 2547 490 2596 stetim
504 2545 620 2595 concione
634 2550 813 2610 commoverat,
827 2560 875 2607 qua
887 2544 996 2594 recitatis
1009 2545 1157 2608 Vespasiani

213 2608 321 2671 epistolis
331 2621 381 2657 non
391 2612 420 2657 ut
431 2607 541 2670 plerique
555 2607 647 2657 incerta
659 2608 781 2671 dissensit,
791 2613 819 2657 nt
829 2609 887 2656 illuc
900 2610 1023 2657 tracturus
1037 2609 1158 2674 interpre-

212 2670 337 2730 tationem,
352 2673 423 2742 prout
431 2669 599 2742 conduxisset:
611 2674 694 2730 aperte
702 2668 855 2742 descendisse
864 2669 1001 2741 incensum
1013 2670 1155 2738 videbatur,

213 2730 953 2866 nssternendussturmium{svn
969 2792 991 2865 ,s
1119 2797 1155 2847 n.

212 2855 349 2903 clementer
363 2855 389 2904 in
404 2855 532 2905 Vitellium
547 2855 629 2905 invehi
647 2857 733 2904 solitus
751 2855 814 2903 nihil
831 2855 883 2916 spei
904 2856 950 2903 srbr
968 2858 1033 2904 inter
1053 2859 1155 2910 adversa

214 2916 354 2978 reliqueret.
373 2917 440 2966 Titus
458 2917 560 2978 Ampius
581 2916 723 2979 Flavianus,
742 2923 831 2966 nature
854 2929 881 2963 ac
899 2918 997 2966 senecta
1016 2923 1153 2984 cunctator,

212 2979 361 3041 suspiciones
377 2980 484 3029 miiitum
503 2979 621 3040 irritabat,
638 2982 753 3039 tunquam
772 2977 898 3027 affinitatis
913 2991 970 3026 curn
981 2977 1085 3029 Vitellio
1104 2997 1155 3032 rne-

132 3094 133 3103 ,
212 3042 338 3104 minisset3
360 3042 473 3103 idemque
490 3042 554 3102 quod
573 3043 692 3102 cmptente
711 3041 836 3103 legionum
856 3043 923 3088 motu
943 3040 1072 3103 profugus,
1097 3045 1153 3094 dein

211 3111 295 3177 sponte
315 3106 476 3166 remeaverat,
490 3103 597 3164 periidiae
620 3105 701 3151 iocum
715 3102 828 3164 quaesisse
850 3101 1004 3149 credebatur.
1026 3117 1087 3151 nam
1101 3105 1154 3156 Fia-

211 3178 311 3214 vrannm
324 3165 414 3214 emisse
425 3165 552 3214 Pannonia
563 3165 700 3224 ingressum
712 3164 808 3212 ltaliam
820 3166 843 3211 et
851 3161 986 3211 discrimini
997 3169 1152 3230 exemptum,

212 3241 296 3276 rerum
308 3240 426 3275 noverum
441 3226 530 3288 cupido
548 3226 622 3288 iegati
640 3239 730 3275 nomen
747 3238 871 3275 resumere
885 3228 910 3272 et
924 3224 1022 3274 misceri
1038 3227 1152 3278 civilibus

212 3288 286 3336 ermis
299 3287 438 3395 impulerat,
455 3287 573 3336 suadente
589 3288 701 3336 Cornelio
719 3289 806 3349 Fusco,
824 3299 874 3334 non
892 3289 950 3346 quie
962 3285 1085 3338 industria
1098 3291 1153 3340 Fia-

212 3349 275 3398 vieni
290 3363 333 3410 ege
354 3353 386 3411 ut,
401 3349 443 3398 sed
454 3353 482 3397 ut
496 3351 622 3398 consulere
634 3363 723 3399 nomen
738 3348 893 3410 surgentibus
905 3361 963 3397 cum
975 3349 1083 3400 maxime
1097 3367 1151 3414 per·

213 3411 275 3458 tibus
287 3412 389 3458 honesta
402 3410 480 3471 specie
497 3411 701 3471 preetenderetur.

243 3472 275 3518 V.
291 3471 415 3532 Ceterum,
433 3474 461 3518 ut
479 3471 642 3519 transmittere
666 3472 691 3520 in
716 3469 809 3518 ltaiiarn
832 3471 933 3532 impune
956 3474 980 3519 et
997 3473 1054 3521 usui
1079 3476 1151 3538 soret,

211 3533 328 3593 scriptum
344 3530 437 3591 Aponio
452 3531 593 3594 Saturnino,
608 3547 655 3581 curu
666 3533 762 3582 exercite
773 3533 859 3594 Moesico
873 3533 984 3582 celeraret.
998 3547 1026 3582 ac
1041 3549 1072 3583 ne
1086 3537 1151 3587 inse

212 3609 263 3643 mes
279 3592 410 3654 provinciae
423 3591 538 3640 Burberis
555 3592 695 3642 nationibus
709 3597 897 3656 exponerentur,
913 3593 1035 3656 principes
1052 3597 1151 3648 Sarma·

212 3659 294 3704 tnrnm
308 3655 432 3717 iazygum,
445 3666 519 3716 penes
530 3667 590 3702 nuos
601 3655 701 3704 civitatis
714 3655 833 3720 regimen,
845 3655 871 3703 in
885 3655 1057 3706 commilitium
1071 3661 1149 3710 asciti.
