2492 4080
225 216 278 268 toa
627 217 769 270 recila.

225 332 273 414 lot,
288 336 330 389 cst
341 334 402 392 loin
422 335 572 405 d’inspirer
586 334 613 390 le
633 337 751 405 respect,
765 337 794 390 et
808 334 828 389 il
842 334 890 408 n’y
904 337 984 394 entre
995 336 1103 412 jamnis
1116 355 1171 412 qne

176 409 183 417 '
225 419 272 474 des
285 419 429 490 ignorante
441 420 491 493 qui
505 434 534 474 se
549 417 652 475 valent.
669 419 740 488 Quel
754 419 838 492 profit
851 423 1029 494 pomrait-ou
1042 423 1116 480 tirer
1124 424 1172 482 des

224 501 415 574 eondisciples,
429 500 540 557 enlauts
553 499 641 558 miles
655 500 672 557 it
686 503 734 558 des
748 502 871 572 eniants,
892 503 1065 562 adolescents
1086 507 1172 566 meles

224 582 241 638 ir
253 583 302 641 des
315 584 497 655 adolescents,
518 585 567 657 qui
580 601 619 642 ne
633 583 813 659 s'inquietent
826 587 857 642 ni
877 586 912 644 de
927 604 959 646 ce
974 589 1055 662 qu'ils
1069 591 1171 660 disent,

224 668 255 722 ni
267 667 301 722 de
315 682 347 724 ce
361 669 444 742 qu’ils
458 668 619 724 enteudent.
636 669 688 726 Les
701 669 837 726 exercices
852 670 1029 730 eux-memes
1050 675 1118 728 sont
1138 689 1172 728 eu

225 749 339 822 gene'ral
359 752 512 810 contraires
530 751 548 807 'a
568 753 631 810 leur
650 753 712 809 but.
729 752 771 809 On
791 752 884 822 truite,
905 767 941 808 en
959 751 1036 822 ellel,
1056 752 1127 810 cher
1147 753 1172 810 le

224 832 348 905 rheteur,
363 835 435 891 deux
449 839 539 892 sortes
551 834 587 890 de
596 849 706 906 gemes,
720 835 748 890 le
762 833 921 891 deliberatis
931 837 959 892 et
971 835 999 891 le
1010 835 1171 908 judiciaire.

224 917 262 972 Le
272 931 357 988 genre
366 916 534 986 deliberatis,
543 932 653 974 comme
668 917 712 973 s'il
724 915 900 974 convencitd
911 916 959 973 des
967 918 1069 989 esprits
1079 919 1172 974 moins

224 1000 388 1074 developpes
403 1005 431 1059 et
444 1002 605 1058 demandnit
618 1003 709 1058 moins
722 1001 758 1058 de
779 1002 865 1070 scius,
879 1004 921 1058 est
934 1001 1104 1058 abendoniae
1118 1019 1173 1060 aur

225 1082 344 1140 eniauts.
359 1087 396 1142 Le
409 1101 495 1156 genre
506 1084 654 1155 jndiciaire
662 1089 704 1142 est
716 1086 743 1142 le
758 1088 872 1157 partage
887 1084 936 1140 des
949 1083 1012 1157 plus
1026 1086 1171 1158 capables3

225 1169 295 1222 mais
311 1168 389 1240 qucls
404 1168 490 1240 sujets
505 1169 674 1239 traite-t-on,
688 1167 792 1240 grands
810 1169 906 1224 dieunt
923 1170 951 1224 et
969 1167 1050 1240 quels
1064 1169 1174 1244 pitoya·

224 1249 283 1305 bles
297 1250 396 1321 suiets!
412 1251 526 1307 Comme
539 1266 578 1306 on
592 1253 639 1306 est
652 1251 778 1322 toujours
797 1249 865 1305 dans
884 1249 1171 1320 l’invraisemblance,
1227 1289 1228 1296 κ

224 1331 318 1388 iliaut
336 1332 462 1406 touJ‘ours
479 1334 564 1407 qu'on
583 1333 642 1388 s’en
659 1334 711 1388 tire
730 1331 829 1404 par-la
842 1331 1034 1405 declamation.
1052 1332 1105 1388 Les
1127 1332 1172 1388 re-

224 1431 386 1487 compenses
406 1417 455 1473 des
474 1415 672 1488 tyrannicidcs,
693 1413 880 1472 l'nlternative
900 1412 1000 1472 laissde
1019 1429 1077 1470 aux
1097 1414 1171 1472 filles

223 1498 417 1570 deshonore'es,
426 1499 604 1556 lcs'rem'edes
615 1498 649 1556 de
658 1499 687 1554 la
695 1501 784 1570 peste,
793 1497 834 1554 les
848 1495 893 1553 fils
904 1497 1080 1567 incestueux,
1088 1498 1170 1555 telles

223 1585 286 1637 sont
303 1583 344 1638 les
362 1584 504 1655 questions
526 1583 585 1654 qui,
605 1580 708 1652 agitees
731 1586 760 1637 et
776 1579 958 1653 developpe'es
977 1578 1089 1652 chaque
1103 1580 1171 1652 jour

223 1664 414 1736 dansl'deole,
425 1668 488 1721 sont
501 1667 645 1720 rarement
659 1662 770 1720 traitdes
783 1678 820 1720 au
833 1664 968 1731 bureau,
980 1677 1017 1718 ou
1028 1663 1123 1736 plutdt
1133 1679 1169 1720 ne

223 1748 250 1804 le
264 1751 326 1805 sont
337 1749 450 1822 jamnis.
466 1748 614 1822 Lorsqu'ils
628 1751 690 1806 sont
704 1747 807 1804 devant
817 1747 852 1806 de
865 1745 1017 1806 vc'riiables
1026 1746 1111 1819 juges
1113 1788 1168 1806 .....

226 1873 651 1890 ....................................
667 1832 690 1889 ll
703 1831 793 1888 s'dtait
813 1829 917 1904 occupd
935 1830 974 1886 du
991 1829 1084 1903 sujet:
1098 1830 1120 1886 il
1132 1847 1170 1888 ne
1196 1891 1201 1904 ¹

222 1915 335 1989 pouvait
348 1909 409 1972 r'ien
422 1915 483 1972 dire
497 1915 531 1971 de
545 1915 595 1971 bas
610 1931 647 1971 ou
659 1914 693 1972 de
706 1912 809 1970 trivial.

257 1999 365 2056 xxxvi.
378 2018 392 2051 a
404 1999 442 2055 Le
455 1997 561 2070 grande
571 1998 731 2071 eloquence,
741 2013 852 2055 comme
862 1995 892 2052 la
902 1997 1029 2066 flamme,
1041 2011 1060 2054 a
1071 1998 1173 2058 besoin

222 2080 386 2138 d’aliment:
400 2081 427 2137 le
441 2085 623 2138 mouvement
636 2081 743 2139 l'excite
751 2099 760 2153 ;
770 2080 825 2138 elle
839 2079 922 2137 brille
936 2095 972 2136 en
981 2079 1110 2139 brulant.
1121 2085 1173 2140 Les

222 2163 329 2221 memes
343 2179 439 2222 causes
450 2171 498 2220 ont
510 2166 595 2235 aussi,
605 2165 673 2222 chez
685 2178 737 2222 nos
751 2163 886 2234 ancetres,
896 2163 972 2220 dieve'
983 2161 1171 2236 l'eloquencc.
1227 2187 1228 2198 ¹

222 2250 261 2305 lle
275 2254 355 2306 notre
376 2249 478 2321 temps,
493 2265 556 2305 saus
571 2248 665 2317 doute,
678 2246 721 2304 les
739 2251 864 2304 orateurs
881 2248 931 2302 ont
948 2245 1054 2301 obtenu
1068 2249 1131 2304 tout
1145 2248 1174 2305 le

221 2333 313 2390 succes
327 2348 382 2406 que
394 2332 423 2390 la
436 2333 600 2406 republique
613 2331 740 2406 pacitide,
753 2332 880 2406 psisible,
895 2329 1045 2401 heureuse,
1053 2335 1174 2404 pouvait

222 2528 254 2564 an
268 2527 345 2576 genus
354 2513 489 2563 studiorum
498 2514 554 2576 plus
563 2511 624 2562 maii
637 2511 741 2584 ingeniis
752 2513 865 2561 afferant.
880 2523 938 2583 unm
949 2508 976 2558 in
988 2509 1044 2559 loco
1057 2510 1124 2564 nihil
1132 2529 1174 2566 re-

220 2575 346 2638 verentiae,
360 2576 403 2626 sed
416 2575 442 2623 in
451 2590 525 2637 quem
538 2587 612 2624 nemo
624 2575 672 2623 nisi
683 2587 753 2634 aeque
766 2572 894 2634 imperitus
910 2574 996 2620 intrat.
1010 2572 1037 2620 in
1050 2575 1175 2626 condisci-

188 2681 191 2690 .
220 2639 286 2701 pulis
302 2638 363 2686 nihil
379 2639 510 2701 proiectus,
524 2650 601 2699 quum
615 2636 685 2697 pueri
698 2635 763 2684 inter
776 2647 865 2698 pueros
878 2638 903 2683 et
917 2635 1095 2684 adolescenttdi
1106 2637 1175 2688 inter

221 2701 414 2748 adolescentulos
428 2699 480 2760 pari
496 2698 626 2748 securitate
635 2701 660 2748 ct
671 2697 754 2746 dicant
766 2701 791 2746 et
807 2695 948 2746 audiantur.
962 2694 1021 2756 ipsae
1033 2703 1174 2750 rero'exer-

221 2760 348 2809 citationes
359 2773 448 2821 magna
462 2774 490 2809 ex
503 2765 573 2823 porte
587 2759 726 2810 contrariae.
738 2771 826 2820 nempe
840 2758 907 2808 euim
920 2757 969 2806 duo
982 2771 1076 2819 genera
1090 2765 1174 2812 matc-

221 2822 317 2870 riarum
331 2823 396 2882 apud
409 2823 518 2870 rhetores
532 2825 678 2885 tractantur,
691 2823 795 2871 suasorie
808 2822 833 2869 et
844 2820 1008 2870 controversie.
1024 2820 1100 2870 exiis
1114 2836 1175 2874 sus·
1227 2845 1228 2848 ¹

222 2883 293 2932 soriae
313 2883 413 2943 quidem
434 2881 505 2942 [etsi]
528 2887 645 2942 tanquam
665 2884 737 2945 plone
759 2882 862 2932 leviores
881 2885 905 2930 et
926 2881 1009 2930 minus
1031 2883 1174 2943 prudentiss

220 2946 353 3008 exigentes,
367 2945 449 3006 pueris
461 2945 616 3007 delegantur,
629 2943 799 2994 coutroversiae
810 2943 988 2993 robustioribus
1001 2943 1173 3011 assignantur,

221 3010 313 3070 qualos,
322 3020 367 3068 per
381 3007 466 3067 fidem,
478 3009 503 3055 et
516 3021 590 3067 quam
600 3006 778 3056 incredibiliter
789 3003 942 3068 compositae!
956 3019 968 3052 s
1000 3005 1072 3053 nitur
1084 3012 1174 3060 autem

219 3074 248 3118 ut
261 3069 369 3118 materiae
383 3067 524 3118 abhorrenti
539 3069 666 3118 averitote
684 3068 830 3118 declamatio
847 3080 946 3130 quoque
959 3066 991 3116 ad
1010 3064 1118 3118 iberatur.
1135 3071 1174 3122 sic

219 3131 247 3179 iit
264 3136 292 3179 ut
306 3131 513 3193 tyrannicidarum
528 3130 637 3192 prumia,
660 3132 702 3178 aut
715 3129 857 3178 vitiatarum
876 3127 1017 3194 electiones,
1037 3133 1082 3178 aut
1095 3133 1176 3192 pesti.

219 3193 303 3242 lentiae
316 3195 432 3256 remedia,
446 3196 488 3240 aut
499 3192 591 3240 incesta
605 3195 721 3255 matrum,
734 3195 776 3240 nut
787 3191 903 3254 quicquid
918 3190 945 3238 in
960 3190 1046 3239 schola
1058 3193 1175 3252 quotidie

219 3254 308 3316 agitur,
322 3253 348 3301 in
360 3256 413 3303 toro
422 3254 460 3302 vel
471 3268 526 3302 raro
536 3255 575 3302 vel
585 3267 720 3317 nunquam,
730 3253 869 3315 ingentibus
879 3251 959 3300 verbis
973 3257 1175 3313 persequantur:

219 3330 296 3378 quum
313 3316 345 3364 ad
358 3329 427 3364 veros
438 3315 534 3375 judiees
546 3320 647 3366 ventum
650 3349 699 3364 .....
714 3329 767 3365 rem
779 3315 895 3378 cogitare,
904 3313 967 3362 nibil
983 3314 1094 3380 humile,
1108 3317 1175 3368 nihil
1227 3351 1228 3360 ,

219 3377 341 3438 abjectum
353 3375 435 3437 eloqui
448 3380 549 3437 poterat.

249 3439 362 3490 XXXVI.
376 3454 391 3486 o
405 3440 494 3500 Magna
506 3438 655 3502 eloquentia,
671 3439 735 3487 sicut
745 3437 855 3500 flamma,
867 3435 973 3487 materia
983 3435 1061 3486 ulitur
1076 3443 1105 3488 et
1118 3453 1177 3492 mo·

219 3503 284 3552 tibus
305 3501 422 3552 excitatur
436 3504 461 3549 et
481 3502 574 3549 urendo
596 3501 717 3550 clarescit.
737 3500 823 3550 eadem
844 3500 908 3549 rctio
924 3499 951 3548 in
970 3503 1055 3548 nostra
1069 3515 1177 3566 quoque

218 3565 317 3614 civitate
337 3564 494 3624 antiquorum
514 3563 678 3623 eloquentium
695 3562 810 3625 provexit.
829 3575 887 3611 nam
900 3561 946 3610 etsi
963 3562 1054 3610 horum
1069 3577 1178 3628 quoque

219 3631 357 3690 temporum
371 3629 479 3676 oratores
499 3638 528 3674 ea
541 3626 665 3675 consecuti
680 3628 745 3690 sunt,
766 3637 821 3688 quea
839 3624 975 3692 compositu
996 3626 1022 3674 et
1043 3626 1137 3685 quieta
1150 3634 1177 3678 et
