2492 4080
291 260 485 316 nullosne
502 261 574 318 sliu
591 263 656 317 [ΕΒ
674 263 884 319 onlrsuns.
1003 263 1054 318 lits

104 373 178 432 daus
190 371 336 447 lesquelles
349 373 390 432 les
401 375 522 434 soienoes
533 378 629 451 queis
642 378 719 435 viens
732 377 768 436 de
783 393 915 437 nommer
931 383 995 436 sont
1007 380 1052 438 in·

104 455 303 529 dispensubles.

142 541 240 596 llllllll.
258 558 273 593 s
287 539 376 609 Qu'on
391 556 427 596 ne
440 542 497 598 diss
514 559 566 616 pas
577 542 646 618 qu'il
665 543 752 614 sulllt,
771 545 868 618 quand
888 545 930 602 les
944 545 1051 603 moon·
1101 551 1105 558 '

27 698 31 702 ⁵
102 625 214 680 stenoes
232 621 377 694 l'exigent,
391 621 427 679 de
446 625 563 682 s’initier
579 625 596 682 d
611 642 667 683 une
685 627 851 684 instruction
869 627 1050 701 superdeiello

102 709 133 762 et
144 705 301 762 restreinte.
318 707 405 761 Autre
421 705 505 776 chose
519 711 562 764 est
573 708 608 764 de
624 725 654 766 se
672 709 759 766 servir
772 709 806 766 de
818 725 868 766 son
879 709 954 780 bien,
968 715 1048 767 outre

102 787 189 845 chose
201 790 243 844 est
255 787 467 861 d'emprunter3
486 793 514 846 et
527 789 556 846 le
569 789 720 848 dilierenoe
734 794 777 848 est
788 791 888 848 visible
902 791 997 864 qusnd
1011 805 1049 849 on

101 869 155 928 leit
165 869 254 926 vuloir
266 886 317 928 son
332 886 434 944 propre
449 871 532 928 fonds
544 889 582 931 ou
590 873 669 932 ‚celui
682 873 731 930 des
742 877 846 930 autres.
861 875 900 931 le
913 873 1049 946 multipli-

101 951 158 1010 oite
170 953 205 1010 de
218 968 269 1010 nos
282 954 494 1012 connaisssnoes
508 971 581 1013 nous
592 955 708 1026 iournit,
724 971 834 1013 comme
848 953 866 1012 d
878 957 959 1012 notre
972 957 1046 1026 insu,

101 1049 161 1092 une
177 1034 252 1093 loule
267 1035 464 1110 d'egrements,
478 1042 506 1095 et
520 1039 661 1112 lorsqu’on
674 1039 712 1112 s'y
726 1038 821 1095 attend
834 1037 862 1095 le
876 1038 979 1107 moins,
993 1037 1047 1095 elle
1063 1071 1067 1078 ·

101 1117 191 1175 dolete
206 1121 235 1175 et
249 1118 343 1176 brille.
357 1119 393 1177 Ge
406 1119 508 1178 merite
522 1135 559 1178 ne
572 1122 672 1180 touche
685 1136 735 1195 pus
748 1120 904 1178 seulement
916 1120 957 1177 les
968 1121 1047 1178 audi-

99 1204 178 1258 teurs
192 1202 318 1258 instruits
331 1206 360 1259 et
374 1201 500 1274 solenes,
515 1203 587 1262 mnis
600 1205 627 1262 le
638 1204 738 1278 peuple
753 1203 856 1260 meme.
872 1202 996 1260 Aussitdt
1009 1219 1046 1261 on

98 1297 130 1340 se
144 1283 250 1356 repand
269 1301 305 1342 en
320 1285 411 1358 dloges
416 1304 425 1357 3
441 1301 478 1344 on
492 1288 602 1346 desiere
616 1305 670 1362 que
689 1287 762 1346 celui
774 1288 860 1361 qn'on
875 1287 953 1344 vient
968 1287 1046 1344 d'eu-

100 1363 225 1420 tendree
236 1363 285 1422 leit
298 1365 332 1422 de
346 1368 582 1426 consciencieuses
590 1369 696 1440 eludes,
711 1369 778 1442 qu'il
789 1383 954 1442 sparoouru
967 1367 1045 1425 l’dlo-

97 1461 208 1519 quenoe
224 1446 297 1505 'dans
316 1451 378 1506 tous
395 1465 439 1506 ses
460 1453 554 1526 replis,
577 1452 665 1522 enirn,
684 1452 753 1525 qu'il
771 1457 813 1508 est
831 1455 953 1508 orateur.
974 1452 1045 1508 C’ost

97 1527 114 1584 d
129 1544 176 1586 ees
189 1529 342 1588 conditions
355 1532 446 1590 seules
457 1536 542 1606 qu’on
555 1538 623 1608 peut
634 1533 725 1605 l'etre,
734 1538 762 1591 et
768 1532 904 1606 J’sliirme
913 1548 968 1607 que
981 1548 1044 1606 per-

97 1626 186 1669 sonne
200 1628 237 1669 ne
251 1613 288 1670 l'a
299 1614 401 1686 jamais
414 1615 469 1687 etsi,
485 1617 509 1673 si
520 1631 551 1673 oe
564 1617 635 1673 n'esl
647 1609 719 1674 ‘celui
733 1617 791 1689 qui,
806 1614 894 1688 pereil
908 1629 946 1672 au
955 1615 1044 1672 soldut

96 1695 147 1766 qui
154 1695 256 1752 s'arme
268 1696 303 1753 de
316 1700 407 1754 tontes
421 1698 512 1771 pisces
523 1713 595 1772 pour
608 1698 739 1765 mescher
748 1714 785 1756 au
794 1697 914 1767 oombat,
924 1696 1041 1755 descend

96 1792 134 1834 eu
149 1777 262 1848 Forum,
273 1779 352 1836 orme
365 1780 400 1836 de
415 1783 506 1837 tontes
519 1781 561 1838 les
576 1781 707 1838 soienoes.
719 1783 769 1838 Les
781 1782 907 1838 orateurs
918 1780 952 1837 de
961 1785 1041 1837 notre

95 1861 189 1931 temps
202 1875 231 1916 se
243 1864 386 1919 montrent
399 1862 544 1920 tellement
558 1861 732 1920 indifferents
746 1879 794 1920 sur
806 1877 838 1920 oe
852 1864 940 1934 point,
957 1864 1040 1935 qu'on

67 1968 71 1976 =
95 1945 227 1999 retronve
239 1943 309 2000 dans
324 1944 399 2002 leurs
419 1944 576 2019 pluidoqers
594 1949 671 2002 toute
685 1945 803 2004 l’denme
821 1945 871 2002 des
893 1957 1040 2003 convorsu-

96 2025 171 2082 tions
186 2031 330 2084 cous-enies
344 2032 372 2084 el
381 2025 429 2084 des
442 2028 532 2086 santes
546 2028 695 2101 grossieres
705 2033 733 2085 et
743 2028 907 2098 honteuses3
921 2044 957 2085 on
973 2035 1038 2100 peut

94 2105 157 2164 dise
170 2107 263 2166 meme
281 2108 364 2182 qu’ils
383 2123 420 2166 ne
437 2110 611 2168 connaissent
624 2111 702 2183 point
715 2111 756 2168 les
769 2111 833 2182 lois,
854 2109 935 2184 qu'ils
952 2126 989 2166 no
1009 2126 1038 2168 se

66 2213 69 2220 ⁴
94 2190 253 2264 reppellent
265 2193 344 2266 point
357 2192 399 2249 les
410 2191 685 2263 senatuseonsultes,
700 2193 782 2266 qu'ils
797 2207 827 2249 se
841 2195 977 2264 moquent
991 2207 1039 2248 vo·
1114 2262 1118 2271 ι

94 2272 210 2331 lontiere
224 2275 272 2332 des
296 2273 348 2331 lois
362 2275 511 2332 romeines.
528 2274 564 2330 lls
582 2281 632 2332 ont
645 2275 764 2332 horreur
784 2275 820 2332 de
839 2273 940 2331 l'dtude
961 2273 996 2330 do
1009 2272 1038 2331 la

93 2363 215 2429 eugees'e,
229 2358 278 2416 des
298 2357 441 2434 preceptes
459 2360 508 2416 des
528 2358 729 2432 philosophes3·
743 2359 779 2416 ils
797 2357 943 2415 reduisent
961 2357 1038 2415 l’dlo·

93 2455 201 2516 quenoe
213 2440 231 2498 d
243 2442 376 2515 quelques
387 2440 515 2516 phrases,
528 2440 546 2500 d
557 2442 592 2499 de
605 2442 765 2518 mesquines
778 2439 917 2499 banalito's
930 2443 957 2497 et
970 2439 1037 2498 l’ex-
1134 2517 1137 2526 Α
1236 2507 1237 2514 ¹

93 2624 134 2684 se·
167 2623 199 2660 ne
214 2623 298 2662 omnes
312 2611 399 2684 quibus
413 2610 478 2684 juris
491 2611 578 2686 notitia
596 2611 755 2677 desideretur,
772 2612 898 2674 plerosque
911 2612 996 2660 nutem
1010 2609 1036 2661 in

91 2673 735 2809 qa}3{stqgoffluirfflaergseffigffiffioemz
746 2738 774 2784 ut
784 2735 816 2807 od
827 2737 924 2806 tempus
933 2732 1036 2796 simplex

92 2795 212 2858 quiddam
230 2799 255 2847 et
270 2798 393 2846 uniforme
410 2799 552 2848 doceamur.
566 2811 676 2871 primuni
697 2811 764 2848 ennn
780 2800 852 2846 aliter
866 2801 962 2846 utimur
980 2809 1036 2858 pro·

92 2857 163 2920 priis,
171 2857 243 2908 aliter
252 2859 411 2908 commodetis
417 2874 424 2921 ;
436 2862 556 2923 longeque
565 2863 681 2910 interesse
692 2859 850 2909 mnniiesturn
859 2862 904 2921 est,
914 2857 1036 2920 possident

91 2919 213 2981 qnisquae
225 2921 328 2984 profert,
337 2925 514 2970 unmutuotur.
528 2921 634 2972 deindei
653 2924 823 2972 somultorum
832 2919 924 2970 ortium
932 2919 1034 2969 scientio

91 2982 168 3032 etium
182 2981 249 3031 uliud
263 2985 362 3044 ugentes
375 2996 419 3030 uos
433 2986 512 3047 ornet,
531 2988 604 3046 utque
620 2935 664 3034 υἷι
678 2983 781 3035 minime
794 2983 879 3034 oredus
904 2980 996 3052 eminet
1010 2986 1036 3031 et

91 3042 197 3094 excellit.
216 3045 288 3104 'dque
308 3056 358 3092 non
375 3043 461 3093 doetus
479 3047 552 3095 modo
567 3049 592 3095 et
604 3047 710 3106 prudens
723 3045 830 3116 auditor,
842 3019 889 3115 sed
901 3045 1034 3112 etrornlpo-

90 3106 166 3168 pulus
180 3104 295 3168 intelligit
304 3117 333 3153 ue
345 3104 425 3154 stetim
435 3105 469 3154 ito
482 3107 554 3160 leude
565 3107 728 3169 prosequitur,
740 3110 768 3154 ut
781 3107 891 3167 legitime
904 3102 1035 3168 studuisse,

91 3171 121 3216 ut
135 3180 180 3228 per
199 3181 284 3216 omnes
305 3165 455 3228 eloquentiae
467 3181 582 3224 numeros
603 3167 659 3230 isse,
680 3169 709 3214 ut
731 3166 837 3226 denique
850 3167 972 3214 oratorem
985 3178 1035 3214 esso

89 3229 214 3290 intentum
227 3242 301 3290 quern
321 3242 372 3282 non
385 3241 454 3290 posse
473 3228 544 3278 eliter
561 3227 675 3278 exsistere
694 3241 772 3288 nequo
791 3225 909 3276 exstitisse
925 3239 1035 3287 unquorn

88 3291 221 3352 confirmo,
231 3289 278 3340 nisi
291 3304 349 3340 eum
363 3289 407 3354 qui
420 3293 536 3351 lonquom
551 3289 577 3339 in
589 3289 666 3340 eciem
678 3289 792 3340 omnibus
806 3287 881 3338 ormis
893 3287 1033 3354 instructus,

88 3351 257 3402 siciniorum
271 3353 383 3402 omnibus
397 3351 491 3401 artibus
506 3355 615 3401 ormotus
632 3350 726 3401 exierit.
742 3351 807 3414 quod
825 3351 886 3400 odeo
900 3350 1034 3414 negligitur

89 3413 125 3464 ub
139 3415 230 3462 horum
241 3416 379 3475 temporum
391 3414 497 3477 disertis,
510 3417 537 3463 ut
550 3414 578 3462 in
593 3413 726 3465 actionibus
743 3427 829 3463 eorum
845 3413 936 3475 ubique
953 3411 1033 3474 quoti·

89 3475 161 3525 dioni
177 3474 296 3524 sermonis
312 3475 413 3526 ioedsee
430 3477 544 3538 pudenda
557 3476 616 3525 vitiu
629 3476 844 3550 deprehendentur
850 3490 859 3538 3
877 3477 905 3523 ut
921 3473 1033 3536 ignorent

88 3540 159 3600 leges
182 3549 231 3586 non
245 3540 344 3586 teneant
361 3541 577 3602 senatusconsulto,
593 3538 634 3599 jus
647 3538 750 3588 enimus
766 3541 831 3588 ultro
848 3536 973 3586 derideant
997 3549 1033 3584 su·

88 3573 190 3672 pientiae
202 3613 261 3648 vero
275 3599 385 3649 studium
398 3602 424 3650 et
442 3603 563 3663 praeceptu
576 3599 733 3664 prudentium
748 3601 845 3662 penitus
861 3571 1031 3668 reformident,

88 3675 116 3710 ιιι
130 3659 287 3724 puuolssimos
302 3673 387 3711 mneos
399 3665 424 3712 et
439 3667 555 3725 aequum
570 3662 701 3716 sententies
717 3661 850 3712 detrudunt
867 3660 1032 3720 eloquentiam

857 3743 900 3798 tu
