2444 4086
361 297 580 360 Bistoniae,
598 297 712 348 ilvae
730 297 769 348 11.
825 293 829 300 ’
1001 303 1033 356 81

84 410 241 478 eguenies.
256 413 363 472 nucea
376 429 413 470 en
426 411 615 472 commandati
628 415 726 486 quatre
740 411 788 486 qui
802 412 942 470 n'avaient
955 413 1035 486 point

83 489 143 546 tait
154 505 321 568 campagum
344 495 464 554 meista
482 495 601 569 jalousie
622 496 670 554 des
691 493 783 554 succes
800 498 829 554 et
844 494 874 553 la
892 492 981 568 gleire
998 493 1033 552 de

81 571 204 632 l'armde
214 579 320 638 roisine
332 595 368 638 en
383 580 495 638 avaient
507 579 781 639 e'cartelamotlesse.
797 581 900 636 Antant
915 576 954 634 tes
963 593 1033 635 unes

81 655 216 717 s’etaient
229 662 372 720 endurcies
387 680 438 736 par
449 661 490 720 les
504 663 638 738 e'preqres
650 667 677 719 et
690 663 729 720 ios
742 664 873 736 daugma
883 664 979 719 autent
994 661 1033 720 le:

80 747 182 800 autres
194 747 307 804 avaient
325 747 421 820 aequis
440 747 475 804 de
488 749 607 820 vigueur
619 747 690 804 dans
705 763 744 804 uu
763 746 897 804 salutaire
910 760 991 818 repas
1005 749 1033 802 et

77 824 126 882 les
138 829 275 886 exercitas
287 829 322 888 de
334 829 363 888 le
378 831 451 904 pair.
470 833 519 888 Les
535 831 608 887 deux
621 829 765 903 generatur
779 831 889 887 avaient
903 845 940 886 en
952 832 1031 885 outre

77 908 117 966 de
133 909 302 971 l'inianterie
321 918 349 970 et
363 913 397 970 de
413 914 442 973 te
455 913 595 972 caualerie
615 911 787 983 auxiliaires,
801 912 850 969 des
869 911 971 981 duitas,
984 912 1031 968 des

77 994 142 1050 rois
155 1011 227 1068 pour
241 996 332 1068 allide,
347 1001 376 1055 et
391 1013 432 1056 uu
444 1013 513 1055 nom
526 996 647 1063 celebre,
664 997 736 1054 mais
749 995 767 1052 1
780 996 828 1053 des
839 997 917 1051 titres
929 995 1029 1054 divers.

36 1087 39 1094 ’
119 1077 154 1133 v.
178 1079 338 1152 Vespasien,
352 1080 440 1140 soldnt
456 1081 541 1151 actii,
563 1079 703 1138 marehait
724 1095 761 1136 en
781 1077 836 1135 tete
849 1077 897 1134 des
909 1080 1030 1152 troupes,

77 1159 240 1220 choisissait
257 1163 299 1220 les
312 1168 513 1236 componens,
531 1163 637 1220 luttant
651 1163 718 1236 jour
734 1168 762 1220 et
780 1162 843 1220 nuit
855 1165 949 1220 contre
962 1160 1030 1219 l'en·

74 1246 162 1301 nemi
175 1262 227 1318 par
240 1261 283 1303 ses
301 1247 392 1320 pians,
408 1251 436 1304 et
451 1262 489 1304 au
503 1247 598 1303 besoin
612 1260 665 1319 par
681 1251 731 1302 son
744 1247 825 1316 brus,
840 1245 937 1302 vivant
950 1242 985 1300 de
999 1260 1030 1301 ce

75 1327 151 1400 qu’il
165 1331 295 1402 trouvait,
312 1335 340 1388 et
353 1347 383 1388 se
398 1330 569 1402 distinguant
581 1330 597 1386 d
610 1330 694 1403 peine
707 1346 760 1404 par
779 1343 823 1386 sea
835 1327 989 1384 vetements
1002 1334 1030 1384 et

75 1426 111 1467 sa
126 1414 212 1469 tenue
225 1413 263 1470 du
276 1412 376 1486 simple
389 1412 573 1485 le'gionnaire.
590 1413 699 1486 c'etatt,
716 1411 733 1468 ia
749 1411 879 1468 l'auariee
894 1409 967 1483 pr'es,
989 1427 1029 1467 un

72 1492 197 1550 homme
216 1495 392 1568 comparante
413 1511 467 1551 aux
486 1495 600 1552 enciens
614 1495 763 1566 generans.
779 1493 897 1562 diaden,
911 1507 949 1548 au
962 1508 1028 1550 eon-

72 1577 179 1647 traire,
190 1579 554 1650 persamagniticence,ses
565 1575 1027 1646 richesseatoutesseshabitudes,

72 1657 207 1716 s’dteuait
219 1660 409 1718 audessusde
419 1660 447 1718 la
460 1659 601 1721 condition
613 1660 717 1734 prives.
735 1658 757 1718 11
770 1658 871 1732 parlait
884 1659 989 1727 mieux,
1000 1663 1027 1715 et

72 1743 247 1800 s’entcndait
260 1742 277 1800 d
290 1742 466 1800 merveiltee
486 1742 590 1814 diriger
612 1743 653 1800 les
674 1743 786 1800 affaires
806 1742 908 1801 civiles.
934 1741 1025 1813 Enim,

13 1837 14 1840 ’
72 1840 115 1881 on
140 1823 189 1880 erit
209 1823 259 1881 tait
280 1825 314 1881 da
334 1841 379 1882 ees
399 1825 472 1882 deux
490 1825 620 1882 hommes
642 1843 682 1884 un
702 1827 799 1899 prinae
819 1825 969 1898 accompli,
990 1841 1024 1882 en

71 1909 195 1966 laissant
208 1908 242 1966 de
256 1908 317 1965 cote
331 1909 405 1966 letus
418 1909 492 1968 vices
501 1913 530 1966 et
538 1925 572 1964 en
583 1909 711 1972 unissant
723 1911 800 1966 leurs
815 1907 942 1981 quantes.
956 1910 1025 1968 L’un

72 1991 270 2049 commandati
291 2007 326 2046 en
347 1992 435 2064 Syrie,
456 1989 555 2048 l'autre
574 2006 610 2048 en
629 1991 715 2049 tudda
720 2010 729 2064 3
753 1995 782 2047 et
794 1991 820 2048 le
835 1991 976 2064 voisinage
990 1994 1024 2051 de

71 2089 121 2133 ees
136 2075 281 2148 provinces
289 2089 327 2130 en
340 2074 373 2130 fit
386 2075 434 2132 des
447 2076 575 2132 ennemis
584 2074 692 2148 jaloux,
705 2074 837 2148 jusqu'eu
850 2079 977 2132 moment
990 2075 1024 2133 de

73 2159 103 2218 la
119 2161 194 2216 mort
215 2158 249 2214 de
267 2158 368 2215 Neron.
384 2157 419 2215 lis
432 2175 462 2215 se
484 2158 702 2230 rapprocherent
718 2157 803 2227 alors,
818 2161 846 2213 et
864 2172 893 2214 se
911 2173 1024 2215 concer-

72 2245 178 2314 tereut,
193 2241 307 2299 d'abord
321 2257 373 2313 par
387 2241 556 2298 l’entremise
571 2243 605 2299 de
626 2242 703 2299 leurs
716 2241 798 2310 arnis,
812 2240 876 2312 puis
889 2232 941 2311 p'ar
954 2239 1022 2298 celte
1040 2237 1043 2243 ’

73 2327 110 2384 dc
123 2327 212 2396 Titus,
227 2325 275 2398 qui
290 2323 357 2380 etate
370 2325 399 2380 la
416 2323 569 2396 principale
588 2322 756 2396 sauvegarde
770 2322 804 2378 de
818 2321 881 2377 leur
901 2319 1022 2378 reconci-

73 2409 182 2479 liation,
198 2410 225 2464 et
238 2408 288 2481 qui
300 2406 451 2479 triumpha,
464 2406 533 2464 dans
547 2406 668 2464 l'interet
681 2404 806 2478 general,
822 2404 857 2461 de
870 2418 916 2460 ees
928 2404 1021 2477 de'plo-

72 2492 167 2548 rables
186 2487 333 2559 inimities3
358 2505 406 2545 car
417 2491 493 2545 Titus
511 2487 632 2545 devaitd
646 2488 675 2544 la
694 2489 793 2543 nature
813 2490 841 2543 et
855 2484 872 2542 it
887 2486 951 2543 l'art
965 2505 1019 2545 une

73 2571 196 2629 habitate
214 2572 249 2628 de
269 2570 411 2628 seduction
430 2571 480 2644 qui
500 2569 644 2628 s’eteudait
663 2585 713 2628 sur
732 2568 840 2626 Mucien
859 2567 1017 2629 lui-meme.

73 2776 100 2825 in
113 2789 186 2840 pace;
207 2775 247 2824 sed
266 2773 391 2824 aemulatio
409 2778 434 2825 et
450 2772 556 2837 proximi
575 2774 693 2825 exercitus
711 2775 789 2838 gloria
802 2777 925 2839 repulerat
938 2779 1019 2842 sepni-
1097 2818 1100 2823 ff

72 2837 147 2901 tiarn;
164 2839 333 2900 quantumque
346 2837 400 2886 'illis
415 2837 509 2886 roboris
526 2836 666 2887 discrimina
687 2841 712 2887 et
729 2839 806 2901 labor,
821 2840 1016 2890 11111111ιὶ111-

74 2901 140 2963 goris
149 2899 278 2949 addiderat
287 2899 384 2961 integra
395 2898 497 2960 quisset
508 2898 647 2961 inexpertus
654 2899 715 2950 beili
725 2901 804 2950 labor.
818 2901 911 2952 auxilia
919 2903 1017 2964 utrique

74 2961 215 3074 1111ιί11111(
229 2962 384 3024 alarumque,
401 2965 426 3008 et
443 2963 531 3010 classes
547 2975 678 3026 regesque,
690 2974 718 3012 ae
735 2975 827 3012 nomen
841 2963 932 3024 dispari
950 2965 1017 3015 tama

73 3037 124 3073 cce
141 3039 177 3073 re.
974 3053 977 3058 ·

105 3085 139 3134 V.
152 3083 316 3148 Vespasianus
328 3095 385 3133 acer
396 3083 500 3147 miiitiae,
512 3083 606 3134 anteire
620 3099 718 3149 agmen,
729 3087 812 3134 locum
823 3083 908 3133 castris
918 3098 1014 3151 cupere,
1051 3118 1054 3126 ι

78 3152 152 3196 noctu
166 3146 257 3208 diuque
271 3144 371 3194 consitio
385 3159 423 3210 ae,
435 3147 455 3196 si
470 3161 509 3197 res
520 3150 638 3210 posceret,
652 3161 728 3196 monn
740 3146 848 3196 hostibus
861 3147 947 3211 obniti,
961 3148 1015 3200 cibo

75 3207 184 3270 fortuito,
201 3211 269 3257 veste
283 3208 417 3269 habituque
429 3209 500 3258 rixo
545 3208 627 3270 egario
640 3209 718 3258 milite
736 3208 887 3270 discrepans3
907 3223 1014 3277 prorsus,

13 3293 14 3298 =
78 3271 97 3317 si
112 3269 211 3320 avaritia
225 3269 326 3332 abesset,
341 3269 448 3330 antiquis
462 3271 518 3320 duei
537 3283 565 3318 us
578 3283 632 3332 par.
644 3270 788 3320 Mucianum
800 3284 814 3320 e
828 3271 950 3321 contrario
962 3289 1015 3324 mu·

75 3332 213 3439 {micantia
226 3335 250 3380 et
264 3345 321 3394 opes
344 3336 368 3380 et
385 3334 474 3381 cuncta
486 3331 610 3395 privatum
624 3333 725 3382 modum
743 3345 899 3395 supergressa
912 3337 1015 3386 extolie-

92 3396 147 3458 aut;
161 3395 240 3456 aptior
253 3406 375 3458 sermone,
389 3394 508 3456 dispositu
519 3393 665 3456 provisuque
678 3393 788 3444 civilium
802 3408 887 3444 rerum
897 3395 990 3457 peritus
1006 3413 1012 3446 :

77 3457 200 3518 egregium
223 3454 375 3516 principatus
397 3460 628 3518 temperamentum,
651 3454 672 3503 si
689 3455 792 3519 demptis
810 3457 936 3517 utriusque
951 3457 1013 3506 vitiis

13 3519 14 3548 1
77 3519 132 3567 solae
144 3515 427 3566 virtutesmiscerentur.
440 3517 1013 3582 1111111111(5111111111111111111111111,
1047 3541 1049 3546 v

76 3578 158 3629 ricinis
170 3579 352 3642 provinciarum
364 3579 626 3643 administrationibus,
638 3580 731 3629 invidia
745 3579 877 3640 discordes,
893 3577 958 3626 exitu
972 3580 1014 3626 de·

77 3651 143 3690 mum
152 3641 258 3692 Neronis
268 3640 351 3702 positis
367 3639 430 3689 odiis
440 3642 467 3689 in
481 3641 590 3690 medium
604 3643 758 3702 consuluere,
773 3640 880 3708 primum
895 3650 939 3696 per
952 3639 1014 3686 ami-

13 3705 14 3718 ³
78 3711 117 3750 eos
128 3718 135 3752 :
146 3703 204 3753 dein
217 3702 341 3764 precipua
350 3703 486 3752 concordiae
500 3703 562 3751 tides
576 3701 645 3752 'litus
657 3715 731 3763 prava
742 3703 875 3750 aerumma
888 3698 1015 3749 communi
