2492 4080
221 271 270 324 Μ)
618 273 762 327 reditu.

220 385 249 438 et
261 397 303 439 ses
317 385 440 455 parents,
452 381 577 455 lorsqu’ii
586 383 653 439 ttoit
667 381 729 454 ddjd
744 381 832 439 luunt
844 397 896 454 per
908 377 1077 436 l'ddurution
1088 375 1123 433 de
1135 375 1160 434 ln

224 463 330 524 familie
345 469 372 523 et
385 465 505 536 ieqonne
523 481 579 522 eux
591 465 698 522 bonues
712 464 818 535 ttndes,
836 465 903 522 oben
914 462 1049 519 l'oreteru
1061 459 1110 534 qui
1122 466 1161 516 tc·

219 549 280 603 neit
289 547 316 605 le
324 549 449 622 premier
459 563 530 620 rung
538 547 608 604 dens
616 548 646 604 la
655 549 740 605 ville:
754 549 775 604 il
784 549 811 604 le
822 546 999 620 bcqnenteit,
1009 542 1161 600 s'attecbeit

220 627 304 700 blut,
319 631 438 688 assisteit
459 629 476 687 b
496 634 560 687 tous
581 646 626 687 ses
639 631 772 699 discours,
787 631 839 688 soit
852 630 921 686 dans
940 628 982 684 les
1001 627 1160 688 tribuueur,

220 715 274 770 soit
284 713 583 770 denslesessemblees.
595 714 783 772 llrecueilleit
796 714 867 770 ainsi
877 711 1017 769 toutesles
1029 709 1161 782 disputes,

219 795 278 852 etin
291 796 477 871 d'epprendre
490 813 525 854 en
537 797 661 871 quelque
674 800 747 854 sorte
758 796 776 853 b
789 796 943 854 combettre
959 811 1009 853 sur
1018 794 1047 851 le
1060 792 1162 863 chump

220 877 254 934 de
267 877 379 935 boteille
396 878 500 936 meme.
521 880 580 934 Une
602 879 708 950 grande
726 878 869 948 hebitudo,
887 893 945 934 une
964 874 1070 950 grande
1088 889 1162 931 usur·

220 975 313 1031 rauce,
327 977 368 1016 uu
379 961 528 1034 jugement
534 961 690 1031 tres-droit,
697 961 802 1018 etaient
816 961 873 1016 vite
887 959 982 1034 srqrris
993 974 1048 1016 eux
1060 958 1160 1030 ieunes

220 1057 288 1114 gens
301 1043 351 1117 qui
372 1042 524 1100 etudieient
543 1059 580 1101 eu
598 1043 687 1116 grand
697 1044 775 1117 jour,
790 1047 818 1099 et
831 1057 868 1099 eu
882 1044 943 1100 sein
961 1040 1055 1098 meme
1070 1040 1105 1097 de
1119 1055 1163 1098 ees

220 1125 303 1183 luttes
312 1125 350 1182 ob
361 1125 389 1182 le
403 1125 532 1184 moindre
542 1127 637 1184 sotiise
650 1128 693 1183 est
704 1116 832 1199 toujours
844 1124 964 1196 relever,
980 1123 1018 1182 ob
1031 1123 1060 1180 lo
1071 1124 1164 1181 moiu-

219 1206 271 1264 dre
290 1222 388 1265 errcur
405 1212 448 1265 est
467 1209 610 1266 redresste
630 1225 684 1282 par
702 1209 729 1266 le
748 1209 825 1282 juge,
847 1207 1021 1265 embrement
1040 1207 1164 1280 sigoalde

219 1305 272 1362 per
285 1289 474 1361 l'edverseire,
489 1289 625 1364 critiqude
638 1289 731 1346 meme
743 1305 795 1363 per
809 1303 879 1347 ceux
889 1290 938 1363 qui
952 1286 1164 1346 soutieunentln

219 1371 313 1430 meme
324 1389 419 1430 cause.
435 1374 509 1431 C’est
522 1373 593 1430 ainsi
605 1372 689 1446 qu’ils
704 1369 807 1429 etaient
820 1370 856 1428 de
868 1373 938 1428 suite
956 1369 1117 1444 impregnds
1129 1369 1163 1428 de

219 1451 248 1508 le
256 1453 424 1512 veritebleet
436 1453 636 1526 incorruptible
648 1453 811 1526 dloqueuce3
823 1456 863 1523 et,
878 1452 1002 1526 quoique
1011 1449 1135 1507 utteehds
1147 1449 1164 1506 i

220 1549 259 1594 un
272 1537 334 1593 seul
348 1540 471 1607 oreteur,
480 1537 515 1594 ils
528 1536 727 1609 pratiqueient,
738 1535 807 1592 daus
819 1550 877 1592 une
890 1534 965 1591 loule
979 1532 1014 1590 de
1024 1547 1122 1590 causes
1136 1535 1162 1589 et

219 1617 322 1676 derant
335 1619 428 1678 divers
442 1621 604 1690 tribunaux,
618 1622 681 1676 tous
693 1619 734 1676 les
753 1619 881 1676 hommes
894 1617 1033 1674 eminente
1046 1616 1082 1672 de
1101 1615 1164 1672 leur

218 1699 334 1776 dpoque.
349 1702 386 1760 lle
402 1704 513 1760 avaient
526 1703 561 1760 de
576 1703 651 1776 plus,
664 1702 735 1759 dens
746 1700 776 1758 le
791 1700 896 1758 venete
907 1701 1005 1757 infinie
1021 1698 1072 1756 des
1084 1698 1163 1756 eudi-
1230 1739 1231 1776 3

219 1787 307 1854 teurs,
323 1800 363 1841 un
377 1801 479 1860 moyen
499 1786 612 1843 devoir
628 1783 772 1842 sdremeut
786 1799 818 1842 ce
838 1785 888 1857 qui
906 1783 1020 1856 pourait
1033 1781 1164 1839 chermer

219 1866 397 1941 ouddpleire.
408 1870 445 1926 tie
454 1868 552 1925 n'dteit
564 1868 637 1925 donc
647 1883 698 1941 pas
710 1883 750 1923 un
762 1866 862 1924 mettre
870 1867 917 1940 qui
928 1867 992 1922 leur
1000 1865 1162 1939 meuqueit3

219 1948 283 2006 bien
298 1964 336 2005 eu
349 1952 498 2023 contraire,
507 1951 542 2007 ils
552 1966 589 2006 en
600 1951 712 2006 avaient
723 1966 773 2014 un,
784 1947 834 2006 des
844 1948 987 2006 meilleurs
999 1952 1027 2004 et
1038 1948 1087 2004 des
1099 1947 1165 2019 plus

218 2029 330 2103 cboids,
345 2034 394 2106 qui
413 2033 476 2090 leur
498 2034 633 2091 montrait
650 2032 823 2107 l'eloquenoe
837 2049 874 2090 en
889 2047 1039 2106 personne,
1059 2033 1089 2086 et
1105 2043 1165 2085 non

219 2127 269 2170 sou
289 2114 393 2188 image.
413 2117 464 2172 Les
477 2115 650 2172 edverseires
664 2119 692 2172 et
705 2115 746 2172 les
758 2116 858 2172 rivnux
879 2114 1079 2172 combetteient
1097 2125 1167 2168 nnec

218 2196 316 2271 lepte,
331 2206 359 2255 et
372 2213 430 2256 non
447 2215 515 2257 eveo
526 2199 567 2256 les
586 2200 737 2271 beguettes.
753 2198 858 2256 L'tcole
880 2198 1004 2271 toujours
1019 2198 1114 2272 pleine
1137 2209 1167 2253 se

219 2283 393 2340 reneuveleit
404 2297 469 2341 sous
481 2299 575 2356 cesse3
590 2287 619 2340 et
632 2283 672 2340 ies
684 2282 827 2355 critiques,
836 2281 910 2338 ainsi
919 2297 974 2354 que
986 2280 1028 2338 les
1041 2282 1168 2339 admira·
1231 2285 1232 2290 ’

219 2369 308 2435 leurs,
322 2381 359 2423 ne
371 2366 517 2424 luisseieut
529 2365 593 2423 rien
606 2381 701 2439 passer
715 2380 781 2421 sans
792 2363 902 2421 blimer
915 2379 952 2420 ou
966 2379 1033 2421 sens
1045 2365 1168 2440 epplen-

158 2447 161 2454 '
219 2447 272 2505 dir.
287 2451 362 2506 vous
377 2465 458 2508 soree
476 2465 513 2507 en
532 2448 598 2507 etiet
612 2465 667 2522 que
687 2449 717 2506 le
733 2446 840 2520 grande
856 2450 884 2504 et
901 2446 987 2504 solide
1003 2446 1169 2520 reputetion

219 2532 269 2590 des
283 2539 408 2590 orateurs
422 2535 464 2590 est
481 2530 547 2592 ieite
565 2534 664 2590 ruunt
680 2546 732 2604 per
751 2527 828 2588 leurs
844 2529 1015 2588 mversaires
1036 2546 1093 2604 que
1114 2547 1170 2604 per
1231 2551 1232 2554 ¹

219 2674 328 2738 quentiae
342 2676 482 2739 parebatur,
496 2675 605 2726 imbutus
619 2674 672 2736 jem
691 2672 825 2724 domestice
838 2672 976 2738 discipline,
994 2674 1104 2725 refertus
1126 2677 1172 2725 bo·

219 2737 293 2788 uestis
305 2737 399 2801 studiis,
410 2738 677 2799 deduoebeturopetre
685 2737 747 2786 vein
759 2735 900 2798 propinquis
913 2737 945 2786 ed
958 2749 1017 2785 eum
1030 2741 1171 2803 oratorem,
1231 2753 1232 2796 l

220 2797 264 2859 qui
281 2797 418 2869 principem
432 2799 458 2846 in
472 2798 566 2849 civitate
579 2801 662 2850 locum
676 2797 809 2848 obtinebut.
823 2799 890 2848 bunc
906 2797 993 2848 sectori
1023 2799 1093 2848 bunc
1110 2813 1172 2862 pro·

219 2871 299 2921 sequ1,
318 2857 393 2919 buius
410 2859 522 2910 omuibus
540 2860 686 2912 dictionibus
704 2860 828 2922 iuteresse,
849 2859 940 2908 sivein
957 2857 986 2921 ju
1005 2859 1057 2908 'ciis
1073 2861 1127 2911 sive
1145 2864 1171 2912 iu

220 2919 387 2982 concionibus,
410 2921 568 2984 assuescebat,
591 2922 626 2971 ite
643 2926 671 2972 ut
689 2920 858 2972 alienationes
876 2935 974 2984 quoque
994 2921 1126 2984 exciperet
1148 2931 1173 2974 et

217 2981 307 3045 jurgiis
319 2980 454 3046 interesset,
466 2986 541 3044 utque
555 2983 590 3032 sic
601 2983 714 3046 dixerim,
726 2995 835 3046 pugnare
846 2982 873 3031 in
886 2983 971 3045 praelio
985 2983 1101 3034 disceret.
1115 2999 1173 3036 mu·
1231 3035 1232 3040 ,

219 3058 282 3106 gnus
294 3057 323 3092 ex
337 3045 383 3093 boc
400 3058 467 3107 usus,
481 3045 590 3096 multum
607 3045 756 3107 consuntiae,
775 3045 911 3105 plurimum
928 3044 1015 3105 judicii
1030 3044 1174 3105 juvenibus

219 3105 301 3156 stetim
314 3106 518 3169 moderebatur
531 3107 613 3158 medie
623 3109 678 3158 luce
691 3104 844 3158 studentibus
856 3111 929 3170 etque
940 3106 1005 3155 inter
1015 3107 1070 3169 ipse
1082 3108 1174 3158 discri-

219 3168 296 3231 mino,
310 3167 355 3216 ubi
367 3182 440 3218 nemo
454 3170 557 3232 impunc
570 3171 645 3220 stulte
654 3168 746 3231 aliquid
755 3171 799 3218 out
811 3168 936 3219 contrarie
949 3168 1017 3232 dicit,
1031 3171 1174 3230 quominus

220 3233 245 3279 et
258 3229 337 3290 judex
350 3235 449 3292 respuet
464 3235 489 3281 et
501 3231 653 3282 sdversarius
666 3230 807 3295 exprobret,
820 3231 830 3280 i
858 3231 867 3278 i
884 3229 991 3292 denique
1001 3230 1120 3282 advoceti
1135 3247 1176 3282 ns-

219 3294 364 3353 perneutur.
378 3292 454 3355 igitur
464 3307 522 3344 rere
535 3293 616 3342 stabnt
627 3296 652 3342 et
666 3293 808 3354 incorrupte
821 3308 835 3343 e
846 3292 962 3354 equentie
972 3292 1176 3358 imbuebantur3

219 3355 245 3402 et
258 3365 410 3414 quemquem
424 3368 502 3404 uuum
517 3360 688 3417 sequerentur,
700 3358 784 3404 temen
802 3367 888 3405 omnes
901 3353 1016 3415 eiusdem
1031 3355 1116 3405 {etatis
1131 3371 1177 3419 pe-

219 3419 303 3464 trones
324 3413 350 3462 in
363 3415 477 3476 plurimis
497 3419 522 3464 et
538 3417 618 3466 cousis
634 3421 658 3465 et
669 3415 770 3478 judiciis
788 3417 965 3481 cognoscebant
969 3432 979 3479 ς
992 3416 1177 3482 hebetemque

219 3476 296 3540 ipsius
309 3475 395 3539 populi
407 3476 624 3528 diversissimorum
639 3479 738 3529 eurtum
751 3480 855 3542 copiam,
872 3491 903 3528 ex
922 3491 972 3540 que
988 3478 1063 3528 tuelle
1080 3481 1177 3543 depre-

219 3538 356 3590 henderent
391 3538 433 3587 uid
452 3540 479 3587 in
502 3553 599 3602 quoque
617 3540 656 3589 rel
678 3541 823 3602 probaretur
835 3541 875 3590 vel
892 3539 1039 3602 displiceret.
1065 3540 1102 3591 itu
1127 3557 1178 3594 nec

219 3603 355 3676 preceptor
370 3554 463 3665 deerat,
480 3601 586 3663 optimus
601 3602 701 3662 quidem
718 3604 743 3651 et
761 3601 930 3667 electissimus,
944 3601 988 3664 qni
1006 3601 1100 3653 taciem
1122 3605 1178 3656 elo·

219 3668 335 3728 quentrae,
349 3675 398 3714 uon
413 3663 545 3738 imaginem
561 3666 702 3726 prestere13
718 3675 764 3714 uec
776 3664 909 3715 ιάιοηιιίί
932 3668 956 3716 et
974 3665 1072 3728 muli,
1093 3667 1179 3732 terro,
