<?xml version="1.0" encoding="UTF-8"?>
<!DOCTYPE html PUBLIC "-//W3C//DTD XHTML 1.0 Transitional//EN"
    "http://www.w3.org/TR/xhtml1/DTD/xhtml1-transitional.dtd">
<html xmlns="http://www.w3.org/1999/xhtml" xml:lang="en" lang="en">
 <head>
  <title>
</title>
<meta http-equiv="Content-Type" content="text/html;charset=utf-8" />
  <meta name='ocr-system' content='tesseract 3.04.00' />
  <meta name='ocr-capabilities' content='ocr_page ocr_carea ocr_par ocr_line ocrx_word'/>
</head>
<body>
  <div class='ocr_page' id='page_1' title='image "./oeuvrescompltes01tacigoog_0400.png"; bbox 0 0 2524 4088; ppageno 0'>
   <div class='ocr_carea' id='block_1_1' title="bbox 456 211 1082 270">
    <p class='ocr_par' dir='ltr' id='par_1_1' title="bbox 456 211 1082 270">
     <span class='ocr_line' id='line_1_1' title="bbox 456 211 1082 270; baseline 0.003 -4"><span class='ocrx_word' id='word_1_1' title='bbox 456 215 517 268; x_wconf 74' lang='lat' dir='ltr'><strong>vta</strong></span> <span class='ocrx_word' id='word_1_2' title='bbox 535 211 777 270; x_wconf 64' lang='lat' dir='ltr'><strong>nutricans.</strong></span> <span class='ocrx_word' id='word_1_3' title='bbox 1034 217 1082 268; x_wconf 69' lang='lat' dir='ltr'><strong>dit</strong></span> 
     </span>
    </p>
   </div>
   <div class='ocr_carea' id='block_1_2' title="bbox 54 327 1086 2464">
    <p class='ocr_par' dir='ltr' id='par_1_2' title="bbox 130 327 1086 732">
     <span class='ocr_line' id='line_1_2' title="bbox 138 327 1084 404; baseline 0.004 -19"><span class='ocrx_word' id='word_1_4' title='bbox 138 327 254 399; x_wconf 77' lang='lat' dir='ltr'><strong>natent3</strong></span> <span class='ocrx_word' id='word_1_5' title='bbox 274 335 302 386; x_wconf 87' lang='lat' dir='ltr'><strong>et</strong></span> <span class='ocrx_word' id='word_1_6' title='bbox 315 329 402 386; x_wconf 84' lang='lat' dir='ltr'><strong>aveat</strong></span> <span class='ocrx_word' id='word_1_7' title='bbox 416 329 502 402; x_wconf 85' lang='lat' dir='ltr'><strong>qu&#39;on</strong></span> <span class='ocrx_word' id='word_1_8' title='bbox 517 327 683 388; x_wconf 71' lang='lat' dir='ltr'><strong>neminen</strong></span> <span class='ocrx_word' id='word_1_9' title='bbox 704 327 741 385; x_wconf 90' lang='lat' dir='ltr'><strong>de</strong></span> <span class='ocrx_word' id='word_1_10' title='bbox 755 329 828 389; x_wconf 84' lang='lat' dir='ltr'><strong>cette</strong></span> <span class='ocrx_word' id='word_1_11' title='bbox 836 327 989 404; x_wconf 54' lang='lat' dir='ltr'><strong>‚neutra</strong></span> <span class='ocrx_word' id='word_1_12' title='bbox 1001 329 1084 390; x_wconf 85' lang='lat' dir='ltr'><strong>chose</strong></span> 
     </span>
     <span class='ocr_line' id='line_1_3' title="bbox 130 408 1083 484; baseline 0.003 -18"><span class='ocrx_word' id='word_1_13' title='bbox 130 411 282 470; x_wconf 61' lang='lat' dir='ltr'><strong>&#39;vratment</strong></span> <span class='ocrx_word' id='word_1_14' title='bbox 294 413 491 484; x_wconf 87' lang='lat' dir='ltr'><strong>surprenante,</strong></span> <span class='ocrx_word' id='word_1_15' title='bbox 512 410 547 468; x_wconf 89' lang='lat' dir='ltr'><strong>tls</strong></span> <span class='ocrx_word' id='word_1_16' title='bbox 560 410 672 468; x_wconf 77' lang='lat' dir='ltr'><strong>avaient</strong></span> <span class='ocrx_word' id='word_1_17' title='bbox 685 408 748 480; x_wconf 78' lang='lat' dir='ltr'><strong>ddja</strong></span> <span class='ocrx_word' id='word_1_18' title='bbox 765 409 856 482; x_wconf 79' lang='lat' dir='ltr'><strong>gague</strong></span> <span class='ocrx_word' id='word_1_19' title='bbox 869 408 899 468; x_wconf 89' lang='lat' dir='ltr'><strong>la</strong></span> <span class='ocrx_word' id='word_1_20' title='bbox 913 410 997 468; x_wconf 89' lang='lat' dir='ltr'><strong>haute</strong></span> <span class='ocrx_word' id='word_1_21' title='bbox 1011 427 1083 470; x_wconf 88' lang='lat' dir='ltr'><strong>mar.</strong></span> 
     </span>
     <span class='ocr_line' id='line_1_4' title="bbox 139 493 1086 567; baseline 0.004 -17"><span class='ocrx_word' id='word_1_22' title='bbox 139 493 215 550; x_wconf 76' lang='lat' dir='ltr'><strong>tete&#39;s</strong></span> <span class='ocrx_word' id='word_1_23' title='bbox 228 493 334 550; x_wconf 81' lang='lat' dir='ltr'><strong>hientdt</strong></span> <span class='ocrx_word' id='word_1_24' title='bbox 348 509 396 550; x_wconf 85' lang='lat' dir='ltr'><strong>sur</strong></span> <span class='ocrx_word' id='word_1_25' title='bbox 409 495 501 551; x_wconf 80' lang='lat' dir='ltr'><strong>divers</strong></span> <span class='ocrx_word' id='word_1_26' title='bbox 514 495 616 567; x_wconf 79' lang='lat' dir='ltr'><strong>points,</strong></span> <span class='ocrx_word' id='word_1_27' title='bbox 637 493 674 553; x_wconf 84' lang='lat' dir='ltr'><strong>tle</strong></span> <span class='ocrx_word' id='word_1_28' title='bbox 686 493 881 552; x_wconf 80' lang='lat' dir='ltr'><strong>combuttirent</strong></span> <span class='ocrx_word' id='word_1_29' title='bbox 894 497 991 552; x_wconf 89' lang='lat' dir='ltr'><strong>contre</strong></span> <span class='ocrx_word' id='word_1_30' title='bbox 1004 494 1086 554; x_wconf 78' lang='lat' dir='ltr'><strong>diffe-</strong></span> 
     </span>
     <span class='ocr_line' id='line_1_5' title="bbox 138 574 1083 652; baseline 0.004 -20"><span class='ocrx_word' id='word_1_31' title='bbox 138 576 399 650; x_wconf 62' lang='lat' dir='ltr'><strong>rentes‘peuplades</strong></span> <span class='ocrx_word' id='word_1_32' title='bbox 412 577 561 636; x_wconf 85' lang='lat' dir='ltr'><strong>bretonnea</strong></span> <span class='ocrx_word' id='word_1_33' title='bbox 575 576 623 649; x_wconf 90' lang='lat' dir='ltr'><strong>qui</strong></span> <span class='ocrx_word' id='word_1_34' title='bbox 637 574 821 635; x_wconf 86' lang='lat' dir='ltr'><strong>cherchaient</strong></span> <span class='ocrx_word' id='word_1_35' title='bbox 833 575 851 632; x_wconf 78' lang='lat' dir='ltr'><strong>a</strong></span> <span class='ocrx_word' id='word_1_36' title='bbox 863 576 905 637; x_wconf 86' lang='lat' dir='ltr'><strong>lea</strong></span> <span class='ocrx_word' id='word_1_37' title='bbox 923 593 1083 652; x_wconf 74' lang='lat' dir='ltr'><strong>repausser3</strong></span> 
     </span>
     <span class='ocr_line' id='line_1_6' title="bbox 139 658 1085 732; baseline 0.006 -16"><span class='ocrx_word' id='word_1_38' title='bbox 139 661 168 716; x_wconf 88' lang='lat' dir='ltr'><strong>et</strong></span> <span class='ocrx_word' id='word_1_39' title='bbox 180 664 298 716; x_wconf 81' lang='lat' dir='ltr'><strong>souvent</strong></span> <span class='ocrx_word' id='word_1_40' title='bbox 310 660 491 732; x_wconf 72' lang='lat' dir='ltr'><strong>remquam,</strong></span> <span class='ocrx_word' id='word_1_41' title='bbox 500 658 676 732; x_wconf 83' lang='lat' dir='ltr'><strong>quelqueioia</strong></span> <span class='ocrx_word' id='word_1_42' title='bbox 687 659 813 727; x_wconf 69' lang='lat' dir='ltr'><strong>anneus,</strong></span> <span class='ocrx_word' id='word_1_43' title='bbox 822 658 857 716; x_wconf 84' lang='lat' dir='ltr'><strong>ila</strong></span> <span class='ocrx_word' id='word_1_44' title='bbox 870 659 966 720; x_wconf 79' lang='lat' dir='ltr'><strong>iurent</strong></span> <span class='ocrx_word' id='word_1_45' title='bbox 978 659 1085 722; x_wconf 76' lang='lat' dir='ltr'><strong>redorta</strong></span> 
     </span>
    </p>

    <p class='ocr_par' dir='ltr' id='par_1_3' title="bbox 137 739 1084 815">
     <span class='ocr_line' id='line_1_7' title="bbox 137 739 1084 815; baseline 0.007 -17"><span class='ocrx_word' id='word_1_46' title='bbox 137 740 155 798; x_wconf 79' lang='lat' dir='ltr'><strong>a</strong></span> <span class='ocrx_word' id='word_1_47' title='bbox 169 741 204 798; x_wconf 91' lang='lat' dir='ltr'><strong>de</strong></span> <span class='ocrx_word' id='word_1_48' title='bbox 220 742 299 798; x_wconf 89' lang='lat' dir='ltr'><strong>telles</strong></span> <span class='ocrx_word' id='word_1_49' title='bbox 313 741 482 812; x_wconf 71' lang='lat' dir='ltr'><strong>extremitas,</strong></span> <span class='ocrx_word' id='word_1_50' title='bbox 492 742 573 815; x_wconf 88' lang='lat' dir='ltr'><strong>qu’ils</strong></span> <span class='ocrx_word' id='word_1_51' title='bbox 585 739 752 812; x_wconf 68' lang='lat' dir='ltr'><strong>manerent</strong></span> <span class='ocrx_word' id='word_1_52' title='bbox 765 740 880 798; x_wconf 88' lang='lat' dir='ltr'><strong>d&#39;abord</strong></span> <span class='ocrx_word' id='word_1_53' title='bbox 895 757 964 800; x_wconf 85' lang='lat' dir='ltr'><strong>ceux</strong></span> <span class='ocrx_word' id='word_1_54' title='bbox 977 742 1084 805; x_wconf 80' lang='lat' dir='ltr'><strong>dentre</strong></span> 
     </span>
    </p>

    <p class='ocr_par' dir='ltr' id='par_1_4' title="bbox 136 822 1085 901">
     <span class='ocr_line' id='line_1_8' title="bbox 136 822 1085 901; baseline 0.002 -19"><span class='ocrx_word' id='word_1_55' title='bbox 136 841 192 901; x_wconf 72' lang='lat' dir='ltr'><strong>epa</strong></span> <span class='ocrx_word' id='word_1_56' title='bbox 207 826 256 898; x_wconf 88' lang='lat' dir='ltr'><strong>qui</strong></span> <span class='ocrx_word' id='word_1_57' title='bbox 269 825 375 882; x_wconf 80' lang='lat' dir='ltr'><strong>etaient</strong></span> <span class='ocrx_word' id='word_1_58' title='bbox 385 826 426 882; x_wconf 88' lang='lat' dir='ltr'><strong>les</strong></span> <span class='ocrx_word' id='word_1_59' title='bbox 435 824 501 898; x_wconf 88' lang='lat' dir='ltr'><strong>plue</strong></span> <span class='ocrx_word' id='word_1_60' title='bbox 514 825 622 893; x_wconf 83' lang='lat' dir='ltr'><strong>saibles,</strong></span> <span class='ocrx_word' id='word_1_61' title='bbox 637 825 666 882; x_wconf 88' lang='lat' dir='ltr'><strong>et</strong></span> <span class='ocrx_word' id='word_1_62' title='bbox 678 822 788 880; x_wconf 82' lang='lat' dir='ltr'><strong>ensuite</strong></span> <span class='ocrx_word' id='word_1_63' title='bbox 800 839 871 882; x_wconf 82' lang='lat' dir='ltr'><strong>ceux</strong></span> <span class='ocrx_word' id='word_1_64' title='bbox 881 840 936 896; x_wconf 86' lang='lat' dir='ltr'><strong>qua</strong></span> <span class='ocrx_word' id='word_1_65' title='bbox 949 824 1085 898; x_wconf 75' lang='lat' dir='ltr'><strong>designait</strong></span> 
     </span>
    </p>

    <p class='ocr_par' dir='ltr' id='par_1_5' title="bbox 106 905 1084 1061">
     <span class='ocr_line' id='line_1_9' title="bbox 136 905 1084 978; baseline 0.004 -14"><span class='ocrx_word' id='word_1_66' title='bbox 136 907 166 964; x_wconf 78' lang='lat' dir='ltr'><strong>te</strong></span> <span class='ocrx_word' id='word_1_67' title='bbox 178 913 247 964; x_wconf 83' lang='lat' dir='ltr'><strong>sort.</strong></span> <span class='ocrx_word' id='word_1_68' title='bbox 262 909 301 964; x_wconf 85' lang='lat' dir='ltr'><strong>lla</strong></span> <span class='ocrx_word' id='word_1_69' title='bbox 313 907 397 967; x_wconf 85' lang='lat' dir='ltr'><strong>drent</strong></span> <span class='ocrx_word' id='word_1_70' title='bbox 408 907 479 964; x_wconf 89' lang='lat' dir='ltr'><strong>ainsi</strong></span> <span class='ocrx_word' id='word_1_71' title='bbox 488 907 515 963; x_wconf 89' lang='lat' dir='ltr'><strong>le</strong></span> <span class='ocrx_word' id='word_1_72' title='bbox 525 910 589 963; x_wconf 90' lang='lat' dir='ltr'><strong>tour</strong></span> <span class='ocrx_word' id='word_1_73' title='bbox 603 907 637 964; x_wconf 88' lang='lat' dir='ltr'><strong>de</strong></span> <span class='ocrx_word' id='word_1_74' title='bbox 650 906 679 965; x_wconf 87' lang='lat' dir='ltr'><strong>la</strong></span> <span class='ocrx_word' id='word_1_75' title='bbox 689 908 836 976; x_wconf 64' lang='lat' dir='ltr'><strong>eelogae,</strong></span> <span class='ocrx_word' id='word_1_76' title='bbox 850 905 995 978; x_wconf 76' lang='lat' dir='ltr'><strong>perditem</strong></span> <span class='ocrx_word' id='word_1_77' title='bbox 1008 907 1084 968; x_wconf 85' lang='lat' dir='ltr'><strong>leurs</strong></span> 
     </span>
     <span class='ocr_line' id='line_1_10' title="bbox 106 960 1084 1061; baseline 0 -13"><span class='ocrx_word' id='word_1_78' title='bbox 106 960 263 1061; x_wconf 66' lang='lat' dir='ltr'><strong>saevires,</strong></span> <span class='ocrx_word' id='word_1_79' title='bbox 271 989 348 1046; x_wconf 81' lang='lat' dir='ltr'><strong>tanta</strong></span> <span class='ocrx_word' id='word_1_80' title='bbox 356 990 389 1047; x_wconf 89' lang='lat' dir='ltr'><strong>de</strong></span> <span class='ocrx_word' id='word_1_81' title='bbox 399 989 492 1047; x_wconf 71' lang='lat' dir='ltr'><strong>macir</strong></span> <span class='ocrx_word' id='word_1_82' title='bbox 500 989 542 1046; x_wconf 85' lang='lat' dir='ltr'><strong>les</strong></span> <span class='ocrx_word' id='word_1_83' title='bbox 550 993 776 1058; x_wconf 70' lang='lat' dir='ltr'><strong>mandunensi</strong></span> <span class='ocrx_word' id='word_1_84' title='bbox 785 986 879 1044; x_wconf 84' lang='lat' dir='ltr'><strong>iurent</strong></span> <span class='ocrx_word' id='word_1_85' title='bbox 887 989 1084 1048; x_wconf 79' lang='lat' dir='ltr'><strong>sauismmma</strong></span> 
     </span>
    </p>

    <p class='ocr_par' dir='ltr' id='par_1_6' title="bbox 54 1062 1083 1870">
     <span class='ocr_line' id='line_1_11' title="bbox 83 1062 1083 1146; baseline 0.002 -18"><span class='ocrx_word' id='word_1_86' title='bbox 83 1062 106 1117; x_wconf 68' lang='grc' dir='ltr'><strong>ι’</strong></span> <span class='ocrx_word' id='word_1_87' title='bbox 135 1073 253 1146; x_wconf 80' lang='lat' dir='ltr'><strong>pirates,</strong></span> <span class='ocrx_word' id='word_1_88' title='bbox 268 1071 383 1129; x_wconf 86' lang='lat' dir='ltr'><strong>d’abord</strong></span> <span class='ocrx_word' id='word_1_89' title='bbox 400 1088 453 1146; x_wconf 83' lang='lat' dir='ltr'><strong>par</strong></span> <span class='ocrx_word' id='word_1_90' title='bbox 473 1072 514 1128; x_wconf 88' lang='lat' dir='ltr'><strong>lea</strong></span> <span class='ocrx_word' id='word_1_91' title='bbox 533 1069 648 1140; x_wconf 78' lang='lat' dir='ltr'><strong>Suevos,</strong></span> <span class='ocrx_word' id='word_1_92' title='bbox 667 1071 729 1144; x_wconf 80' lang='lat' dir='ltr'><strong>puis</strong></span> <span class='ocrx_word' id='word_1_93' title='bbox 745 1085 797 1144; x_wconf 87' lang='lat' dir='ltr'><strong>par</strong></span> <span class='ocrx_word' id='word_1_94' title='bbox 809 1070 851 1126; x_wconf 90' lang='lat' dir='ltr'><strong>les</strong></span> <span class='ocrx_word' id='word_1_95' title='bbox 864 1071 984 1128; x_wconf 79' lang='lat' dir='ltr'><strong>Frisons.</strong></span> <span class='ocrx_word' id='word_1_96' title='bbox 999 1071 1083 1141; x_wconf 83' lang='lat' dir='ltr'><strong>Quel-</strong></span> 
     </span>
     <span class='ocr_line' id='line_1_12' title="bbox 54 1142 1083 1228; baseline 0.001 -19"><span class='ocrx_word' id='word_1_97' title='bbox 54 1142 75 1193; x_wconf 65' lang='grc' dir='ltr'><strong>ν’</strong></span> <span class='ocrx_word' id='word_1_98' title='bbox 135 1168 280 1228; x_wconf 65' lang='lat' dir='ltr'><strong>qliae-una</strong></span> <span class='ocrx_word' id='word_1_99' title='bbox 296 1154 527 1226; x_wconf 61' lang='lat' dir='ltr'><strong>promerendus</strong></span> <span class='ocrx_word' id='word_1_100' title='bbox 544 1169 616 1226; x_wconf 88' lang='lat' dir='ltr'><strong>pour</strong></span> <span class='ocrx_word' id='word_1_101' title='bbox 635 1153 810 1226; x_wconf 80' lang='lat' dir='ltr'><strong>l&#39;esclarege,</strong></span> <span class='ocrx_word' id='word_1_102' title='bbox 830 1157 895 1212; x_wconf 87' lang='lat' dir='ltr'><strong>sont</strong></span> <span class='ocrx_word' id='word_1_103' title='bbox 913 1153 1028 1224; x_wconf 72' lang='grc' dir='ltr'><strong>ιιιιιόε,</strong></span> <span class='ocrx_word' id='word_1_104' title='bbox 1045 1170 1083 1212; x_wconf 88' lang='lat' dir='ltr'><strong>en</strong></span> 
     </span>
     <span class='ocr_line' id='line_1_13' title="bbox 135 1234 1082 1310; baseline 0.006 -18"><span class='ocrx_word' id='word_1_105' title='bbox 135 1239 253 1309; x_wconf 75' lang='lat' dir='ltr'><strong>pessunt</strong></span> <span class='ocrx_word' id='word_1_106' title='bbox 266 1236 301 1294; x_wconf 92' lang='lat' dir='ltr'><strong>de</strong></span> <span class='ocrx_word' id='word_1_107' title='bbox 314 1237 416 1295; x_wconf 87' lang='lat' dir='ltr'><strong>mcitre</strong></span> <span class='ocrx_word' id='word_1_108' title='bbox 428 1237 585 1307; x_wconf 78' lang='lat' dir='ltr'><strong>camnine,</strong></span> <span class='ocrx_word' id='word_1_109' title='bbox 596 1236 815 1310; x_wconf 75' lang='lat' dir='ltr'><strong>iusqu&#39;enltalie</strong></span> <span class='ocrx_word' id='word_1_110' title='bbox 828 1234 865 1292; x_wconf 82' lang='lat' dir='ltr'><strong>oia</strong></span> <span class='ocrx_word' id='word_1_111' title='bbox 878 1236 905 1294; x_wconf 90' lang='lat' dir='ltr'><strong>le</strong></span> <span class='ocrx_word' id='word_1_112' title='bbox 919 1237 989 1294; x_wconf 70' lang='lat' dir='ltr'><strong>aaut</strong></span> <span class='ocrx_word' id='word_1_113' title='bbox 999 1238 1082 1298; x_wconf 88' lang='lat' dir='ltr'><strong>d&#39;une</strong></span> 
     </span>
     <span class='ocr_line' id='line_1_14' title="bbox 135 1317 1082 1381; baseline 0.002 -5"><span class='ocrx_word' id='word_1_114' title='bbox 135 1322 275 1376; x_wconf 78' lang='lat' dir='ltr'><strong>eventura</strong></span> <span class='ocrx_word' id='word_1_115' title='bbox 294 1320 319 1378; x_wconf 90' lang='lat' dir='ltr'><strong>si</strong></span> <span class='ocrx_word' id='word_1_116' title='bbox 337 1319 488 1378; x_wconf 72' lang='lat' dir='ltr'><strong>emanante</strong></span> <span class='ocrx_word' id='word_1_117' title='bbox 508 1319 604 1378; x_wconf 89' lang='lat' dir='ltr'><strong>leura</strong></span> <span class='ocrx_word' id='word_1_118' title='bbox 624 1317 675 1378; x_wconf 80' lang='lat' dir='ltr'><strong>fait</strong></span> <span class='ocrx_word' id='word_1_119' title='bbox 693 1332 732 1377; x_wconf 91' lang='lat' dir='ltr'><strong>un</strong></span> <span class='ocrx_word' id='word_1_120' title='bbox 749 1330 828 1379; x_wconf 89' lang='lat' dir='ltr'><strong>nom.</strong></span> <span class='ocrx_word' id='word_1_121' title='bbox 847 1320 891 1376; x_wconf 76' lang='lat' dir='ltr'><strong>du</strong></span> <span class='ocrx_word' id='word_1_122' title='bbox 906 1333 1082 1381; x_wconf 85' lang='lat' dir='ltr'><strong>commence-</strong></span> 
     </span>
     <span class='ocr_line' id='line_1_15' title="bbox 135 1399 1081 1476; baseline 0.002 -18"><span class='ocrx_word' id='word_1_123' title='bbox 135 1405 219 1459; x_wconf 87' lang='lat' dir='ltr'><strong>nrent</strong></span> <span class='ocrx_word' id='word_1_124' title='bbox 239 1402 275 1460; x_wconf 87' lang='lat' dir='ltr'><strong>de</strong></span> <span class='ocrx_word' id='word_1_125' title='bbox 294 1401 368 1473; x_wconf 78' lang='lat' dir='ltr'><strong>l&#39;dte,</strong></span> <span class='ocrx_word' id='word_1_126' title='bbox 387 1400 526 1475; x_wconf 73' lang='lat' dir='ltr'><strong>Agricola,</strong></span> <span class='ocrx_word' id='word_1_127' title='bbox 540 1401 636 1476; x_wconf 78' lang='lat' dir='ltr'><strong>trappe</strong></span> <span class='ocrx_word' id='word_1_128' title='bbox 656 1401 724 1459; x_wconf 85' lang='lat' dir='ltr'><strong>d’un</strong></span> <span class='ocrx_word' id='word_1_129' title='bbox 742 1399 874 1461; x_wconf 84' lang='lat' dir='ltr'><strong>malheur</strong></span> <span class='ocrx_word' id='word_1_130' title='bbox 894 1399 1081 1475; x_wconf 88' lang='lat' dir='ltr'><strong>domestique‚</strong></span> 
     </span>
     <span class='ocr_line' id='line_1_16' title="bbox 133 1481 1080 1558; baseline 0.002 -18"><span class='ocrx_word' id='word_1_131' title='bbox 133 1483 282 1556; x_wconf 88' lang='lat' dir='ltr'><strong>perditun</strong></span> <span class='ocrx_word' id='word_1_132' title='bbox 295 1483 340 1541; x_wconf 84' lang='lat' dir='ltr'><strong>fils</strong></span> <span class='ocrx_word' id='word_1_133' title='bbox 353 1484 404 1557; x_wconf 76' lang='lat' dir='ltr'><strong>ige</strong></span> <span class='ocrx_word' id='word_1_134' title='bbox 418 1485 485 1540; x_wconf 87' lang='lat' dir='ltr'><strong>d¹un</strong></span> <span class='ocrx_word' id='word_1_135' title='bbox 501 1496 548 1542; x_wconf 86' lang='lat' dir='ltr'><strong>an.</strong></span> <span class='ocrx_word' id='word_1_136' title='bbox 565 1483 587 1540; x_wconf 92' lang='lat' dir='ltr'><strong>ll</strong></span> <span class='ocrx_word' id='word_1_137' title='bbox 601 1486 777 1554; x_wconf 81' lang='lat' dir='ltr'><strong>supportare</strong></span> <span class='ocrx_word' id='word_1_138' title='bbox 795 1497 865 1555; x_wconf 90' lang='lat' dir='ltr'><strong>eoup</strong></span> <span class='ocrx_word' id='word_1_139' title='bbox 879 1498 942 1540; x_wconf 88' lang='lat' dir='ltr'><strong>sans</strong></span> <span class='ocrx_word' id='word_1_140' title='bbox 954 1481 1080 1558; x_wconf 74' lang='lat' dir='ltr'><strong>affectet,</strong></span> 
     </span>
     <span class='ocr_line' id='line_1_17' title="bbox 134 1564 1080 1642; baseline 0.004 -20"><span class='ocrx_word' id='word_1_141' title='bbox 134 1581 250 1622; x_wconf 88' lang='lat' dir='ltr'><strong>comme</strong></span> <span class='ocrx_word' id='word_1_142' title='bbox 269 1566 299 1622; x_wconf 88' lang='lat' dir='ltr'><strong>la</strong></span> <span class='ocrx_word' id='word_1_143' title='bbox 315 1566 429 1642; x_wconf 88' lang='lat' dir='ltr'><strong>plupart</strong></span> <span class='ocrx_word' id='word_1_144' title='bbox 440 1567 489 1624; x_wconf 90' lang='lat' dir='ltr'><strong>des</strong></span> <span class='ocrx_word' id='word_1_145' title='bbox 506 1567 584 1624; x_wconf 83' lang='lat' dir='ltr'><strong>emes</strong></span> <span class='ocrx_word' id='word_1_146' title='bbox 602 1564 695 1634; x_wconf 80' lang='lat' dir='ltr'><strong>lones,</strong></span> <span class='ocrx_word' id='word_1_147' title='bbox 709 1577 749 1622; x_wconf 88' lang='lat' dir='ltr'><strong>un</strong></span> <span class='ocrx_word' id='word_1_148' title='bbox 764 1580 881 1638; x_wconf 82' lang='lat' dir='ltr'><strong>courage</strong></span> <span class='ocrx_word' id='word_1_149' title='bbox 895 1565 1080 1638; x_wconf 84' lang='lat' dir='ltr'><strong>orgueillcux,</strong></span> 
     </span>
     <span class='ocr_line' id='line_1_18' title="bbox 133 1647 1081 1718; baseline 0.004 -14"><span class='ocrx_word' id='word_1_150' title='bbox 133 1662 204 1704; x_wconf 86' lang='lat' dir='ltr'><strong>sens</strong></span> <span class='ocrx_word' id='word_1_151' title='bbox 218 1649 431 1718; x_wconf 84' lang='lat' dir='ltr'><strong>s’ahandonner,</strong></span> <span class='ocrx_word' id='word_1_152' title='bbox 446 1660 554 1706; x_wconf 84' lang='lat' dir='ltr'><strong>comme</strong></span> <span class='ocrx_word' id='word_1_153' title='bbox 568 1648 610 1704; x_wconf 87' lang='lat' dir='ltr'><strong>les</strong></span> <span class='ocrx_word' id='word_1_154' title='bbox 627 1647 755 1716; x_wconf 79' lang='lat' dir='ltr'><strong>lemures,</strong></span> <span class='ocrx_word' id='word_1_155' title='bbox 770 1663 825 1706; x_wconf 82' lang='lat' dir='ltr'><strong>aua</strong></span> <span class='ocrx_word' id='word_1_156' title='bbox 842 1647 1038 1710; x_wconf 76' lang='lat' dir='ltr'><strong>lamentatione</strong></span> <span class='ocrx_word' id='word_1_157' title='bbox 1052 1653 1081 1708; x_wconf 88' lang='lat' dir='ltr'><strong>et</strong></span> 
     </span>
     <span class='ocr_line' id='line_1_19' title="bbox 134 1727 1080 1804; baseline 0.006 -18"><span class='ocrx_word' id='word_1_158' title='bbox 134 1727 359 1788; x_wconf 78' lang='lat' dir='ltr'><strong>al’snauoment</strong></span> <span class='ocrx_word' id='word_1_159' title='bbox 373 1729 424 1790; x_wconf 83' lang='lat' dir='ltr'><strong>:la</strong></span> <span class='ocrx_word' id='word_1_160' title='bbox 437 1743 538 1804; x_wconf 75' lang='lat' dir='ltr'><strong>gnane</strong></span> <span class='ocrx_word' id='word_1_161' title='bbox 551 1729 618 1790; x_wconf 78' lang='lat' dir='ltr'><strong>aaut</strong></span> <span class='ocrx_word' id='word_1_162' title='bbox 631 1745 703 1804; x_wconf 85' lang='lat' dir='ltr'><strong>pour</strong></span> <span class='ocrx_word' id='word_1_163' title='bbox 715 1729 756 1790; x_wconf 91' lang='lat' dir='ltr'><strong>lui</strong></span> <span class='ocrx_word' id='word_1_164' title='bbox 767 1729 829 1788; x_wconf 87' lang='lat' dir='ltr'><strong>l’un</strong></span> <span class='ocrx_word' id='word_1_165' title='bbox 844 1729 893 1788; x_wconf 85' lang='lat' dir='ltr'><strong>des</strong></span> <span class='ocrx_word' id='word_1_166' title='bbox 904 1729 1032 1790; x_wconf 80' lang='lat' dir='ltr'><strong>remedes</strong></span> <span class='ocrx_word' id='word_1_167' title='bbox 1044 1731 1080 1792; x_wconf 91' lang='lat' dir='ltr'><strong>da</strong></span> 
     </span>
     <span class='ocr_line' id='line_1_20' title="bbox 134 1811 976 1870; baseline 0.006 -2"><span class='ocrx_word' id='word_1_168' title='bbox 134 1811 164 1870; x_wconf 80' lang='lat' dir='ltr'><strong>la</strong></span> <span class='ocrx_word' id='word_1_169' title='bbox 173 1811 303 1870; x_wconf 88' lang='lat' dir='ltr'><strong>doulaur.</strong></span> <span class='ocrx_word' id='word_1_170' title='bbox 973 1849 976 1856; x_wconf 91' lang='lat'>·</span> 
     </span>
    </p>

    <p class='ocr_par' dir='ltr' id='par_1_7' title="bbox 132 1894 1081 2464">
     <span class='ocr_line' id='line_1_21' title="bbox 171 1894 1081 1972; baseline 0.01 -20"><span class='ocrx_word' id='word_1_171' title='bbox 171 1895 258 1952; x_wconf 73' lang='lat' dir='ltr'><strong>xiix.</strong></span> <span class='ocrx_word' id='word_1_172' title='bbox 271 1895 294 1951; x_wconf 88' lang='lat' dir='ltr'><strong>ll</strong></span> <span class='ocrx_word' id='word_1_173' title='bbox 306 1895 339 1952; x_wconf 88' lang='lat' dir='ltr'><strong>fit</strong></span> <span class='ocrx_word' id='word_1_174' title='bbox 351 1894 422 1954; x_wconf 88' lang='lat' dir='ltr'><strong>donc</strong></span> <span class='ocrx_word' id='word_1_175' title='bbox 434 1895 562 1969; x_wconf 77' lang='lat' dir='ltr'><strong>partiale</strong></span> <span class='ocrx_word' id='word_1_176' title='bbox 576 1896 653 1954; x_wconf 87' lang='lat' dir='ltr'><strong>flotte</strong></span> <span class='ocrx_word' id='word_1_177' title='bbox 664 1896 694 1954; x_wconf 90' lang='lat' dir='ltr'><strong>la</strong></span> <span class='ocrx_word' id='word_1_178' title='bbox 704 1895 923 1970; x_wconf 65' lang='lat' dir='ltr'><strong>premittenda</strong></span> <span class='ocrx_word' id='word_1_179' title='bbox 936 1898 1020 1972; x_wconf 84' lang='lat' dir='ltr'><strong>qu&#39;en</strong></span> <span class='ocrx_word' id='word_1_180' title='bbox 1033 1916 1081 1961; x_wconf 82' lang='lat' dir='ltr'><strong>ra·</strong></span> 
     </span>
     <span class='ocr_line' id='line_1_22' title="bbox 134 1977 1080 2052; baseline 0.013 -20"><span class='ocrx_word' id='word_1_181' title='bbox 134 1980 261 2050; x_wconf 77' lang='lat' dir='ltr'><strong>vegeant</strong></span> <span class='ocrx_word' id='word_1_182' title='bbox 277 1977 415 2050; x_wconf 81' lang='lat' dir='ltr'><strong>plusieurs</strong></span> <span class='ocrx_word' id='word_1_183' title='bbox 428 1979 520 2052; x_wconf 83' lang='lat' dir='ltr'><strong>points</strong></span> <span class='ocrx_word' id='word_1_184' title='bbox 534 1979 588 2038; x_wconf 89' lang='lat' dir='ltr'><strong>ella</strong></span> <span class='ocrx_word' id='word_1_185' title='bbox 601 1977 730 2052; x_wconf 79' lang='lat' dir='ltr'><strong>repandit</strong></span> <span class='ocrx_word' id='word_1_186' title='bbox 742 1979 928 2041; x_wconf 85' lang='lat' dir='ltr'><strong>l&#39;incertitude</strong></span> <span class='ocrx_word' id='word_1_187' title='bbox 941 1982 1010 2042; x_wconf 89' lang='lat' dir='ltr'><strong>atla</strong></span> <span class='ocrx_word' id='word_1_188' title='bbox 1023 1987 1080 2048; x_wconf 80' lang='lat' dir='ltr'><strong>ter-</strong></span> 
     </span>
     <span class='ocr_line' id='line_1_23' title="bbox 134 2059 1079 2140; baseline 0.01 -24"><span class='ocrx_word' id='word_1_189' title='bbox 134 2059 426 2118; x_wconf 67' lang='lat' dir='ltr'><strong>reurcheal‘ennemi.</strong></span> <span class='ocrx_word' id='word_1_190' title='bbox 437 2061 607 2132; x_wconf 77' lang='lat' dir='ltr'><strong>Lai-meme,</strong></span> <span class='ocrx_word' id='word_1_191' title='bbox 613 2061 693 2134; x_wconf 77' lang='lat' dir='ltr'><strong>apris</strong></span> <span class='ocrx_word' id='word_1_192' title='bbox 700 2062 778 2119; x_wconf 87' lang='lat' dir='ltr'><strong>avoir</strong></span> <span class='ocrx_word' id='word_1_193' title='bbox 783 2062 909 2122; x_wconf 82' lang='lat' dir='ltr'><strong>raniorcd</strong></span> <span class='ocrx_word' id='word_1_194' title='bbox 918 2070 1079 2140; x_wconf 86' lang='lat' dir='ltr'><strong>sestroupes</strong></span> 
     </span>
     <span class='ocr_line' id='line_1_24' title="bbox 136 2140 1077 2221; baseline 0.011 -24"><span class='ocrx_word' id='word_1_195' title='bbox 136 2140 312 2199; x_wconf 83' lang='lat' dir='ltr'><strong>desBretous</strong></span> <span class='ocrx_word' id='word_1_196' title='bbox 320 2141 361 2199; x_wconf 88' lang='lat' dir='ltr'><strong>les</strong></span> <span class='ocrx_word' id='word_1_197' title='bbox 369 2143 433 2216; x_wconf 89' lang='lat' dir='ltr'><strong>plus</strong></span> <span class='ocrx_word' id='word_1_198' title='bbox 442 2143 543 2200; x_wconf 80' lang='lat' dir='ltr'><strong>orares</strong></span> <span class='ocrx_word' id='word_1_199' title='bbox 551 2147 580 2201; x_wconf 87' lang='lat' dir='ltr'><strong>et</strong></span> <span class='ocrx_word' id='word_1_200' title='bbox 588 2143 630 2204; x_wconf 82' lang='lat' dir='ltr'><strong>les</strong></span> <span class='ocrx_word' id='word_1_201' title='bbox 638 2144 701 2216; x_wconf 89' lang='lat' dir='ltr'><strong>plus</strong></span> <span class='ocrx_word' id='word_1_202' title='bbox 709 2144 843 2217; x_wconf 80' lang='lat' dir='ltr'><strong>eproure&#39;a</strong></span> <span class='ocrx_word' id='word_1_203' title='bbox 852 2163 967 2218; x_wconf 88' lang='lat' dir='ltr'><strong>parune</strong></span> <span class='ocrx_word' id='word_1_204' title='bbox 976 2148 1077 2221; x_wconf 83' lang='lat' dir='ltr'><strong>longua</strong></span> 
     </span>
     <span class='ocr_line' id='line_1_25' title="bbox 132 2224 1078 2302; baseline 0.011 -21"><span class='ocrx_word' id='word_1_205' title='bbox 132 2224 318 2296; x_wconf 84' lang='lat' dir='ltr'><strong>soumiasion‚</strong></span> <span class='ocrx_word' id='word_1_206' title='bbox 340 2226 433 2284; x_wconf 81' lang='lat' dir='ltr'><strong>arriv&#39;a</strong></span> <span class='ocrx_word' id='word_1_207' title='bbox 451 2241 520 2284; x_wconf 86' lang='lat' dir='ltr'><strong>arec</strong></span> <span class='ocrx_word' id='word_1_208' title='bbox 537 2241 588 2284; x_wconf 87' lang='lat' dir='ltr'><strong>eon</strong></span> <span class='ocrx_word' id='word_1_209' title='bbox 606 2225 701 2286; x_wconf 72' lang='lat' dir='ltr'><strong>mmee</strong></span> <span class='ocrx_word' id='word_1_210' title='bbox 721 2243 786 2286; x_wconf 84' lang='lat' dir='ltr'><strong>sans</strong></span> <span class='ocrx_word' id='word_1_211' title='bbox 805 2229 923 2302; x_wconf 71' lang='lat' dir='ltr'><strong>bagages</strong></span> <span class='ocrx_word' id='word_1_212' title='bbox 942 2246 979 2289; x_wconf 91' lang='lat' dir='ltr'><strong>au</strong></span> <span class='ocrx_word' id='word_1_213' title='bbox 998 2237 1078 2292; x_wconf 86' lang='lat' dir='ltr'><strong>mont</strong></span> 
     </span>
     <span class='ocr_line' id='line_1_26' title="bbox 132 2306 1078 2382; baseline 0.008 -20"><span class='ocrx_word' id='word_1_214' title='bbox 132 2306 296 2380; x_wconf 70' lang='lat' dir='ltr'><strong>(trampus,</strong></span> <span class='ocrx_word' id='word_1_215' title='bbox 305 2308 597 2381; x_wconf 81' lang='lat' dir='ltr'><strong>sortequell&#39;ennemi</strong></span> <span class='ocrx_word' id='word_1_216' title='bbox 612 2308 702 2368; x_wconf 80' lang='lat' dir='ltr'><strong>s&#39;dtait</strong></span> <span class='ocrx_word' id='word_1_217' title='bbox 715 2308 777 2382; x_wconf 81' lang='lat' dir='ltr'><strong>dtji</strong></span> <span class='ocrx_word' id='word_1_218' title='bbox 787 2309 885 2380; x_wconf 61' lang='lat' dir='ltr'><strong>reare</strong></span> <span class='ocrx_word' id='word_1_219' title='bbox 902 2327 950 2368; x_wconf 85' lang='lat' dir='ltr'><strong>cer</strong></span> <span class='ocrx_word' id='word_1_220' title='bbox 962 2311 1078 2370; x_wconf 84' lang='lat' dir='ltr'><strong>lesBre·</strong></span> 
     </span>
     <span class='ocr_line' id='line_1_27' title="bbox 133 2389 1075 2464; baseline 0.011 -17"><span class='ocrx_word' id='word_1_221' title='bbox 133 2393 200 2448; x_wconf 88' lang='lat' dir='ltr'><strong>tona</strong></span> <span class='ocrx_word' id='word_1_222' title='bbox 217 2389 350 2448; x_wconf 80' lang='lat' dir='ltr'><strong>n&#39;etaient</strong></span> <span class='ocrx_word' id='word_1_223' title='bbox 367 2390 526 2453; x_wconf 74' lang='lat' dir='ltr'><strong>adunent</strong></span> <span class='ocrx_word' id='word_1_224' title='bbox 543 2391 654 2454; x_wconf 83' lang='lat' dir='ltr'><strong>ebattus</strong></span> <span class='ocrx_word' id='word_1_225' title='bbox 670 2407 723 2464; x_wconf 85' lang='lat' dir='ltr'><strong>per</strong></span> <span class='ocrx_word' id='word_1_226' title='bbox 736 2391 801 2454; x_wconf 72' lang='lat' dir='ltr'><strong>lem</strong></span> <span class='ocrx_word' id='word_1_227' title='bbox 817 2391 945 2454; x_wconf 74' lang='grc' dir='ltr'><strong>ἀιιιιίὲιι</strong></span> <span class='ocrx_word' id='word_1_228' title='bbox 962 2395 1075 2457; x_wconf 75' lang='lat' dir='ltr'><strong>deicito.</strong></span> 
     </span>
    </p>
   </div>
   <div class='ocr_carea' id='block_1_3' title="bbox 132 2557 1077 2626">
    <p class='ocr_par' dir='ltr' id='par_1_8' title="bbox 132 2557 1077 2626">
     <span class='ocr_line' id='line_1_28' title="bbox 132 2557 1077 2626; baseline 0.008 -16"><span class='ocrx_word' id='word_1_229' title='bbox 132 2557 224 2624; x_wconf 84' lang='lat' dir='ltr'><strong>epectis</strong></span> <span class='ocrx_word' id='word_1_230' title='bbox 240 2558 335 2609; x_wconf 86' lang='lat' dir='ltr'><strong>duobus</strong></span> <span class='ocrx_word' id='word_1_231' title='bbox 352 2572 430 2624; x_wconf 87' lang='lat' dir='ltr'><strong>eoque</strong></span> <span class='ocrx_word' id='word_1_232' title='bbox 444 2558 590 2626; x_wconf 76' lang='lat' dir='ltr'><strong>interfectis,</strong></span> <span class='ocrx_word' id='word_1_233' title='bbox 607 2562 717 2611; x_wconf 89' lang='lat' dir='ltr'><strong>nondum</strong></span> <span class='ocrx_word' id='word_1_234' title='bbox 733 2563 831 2625; x_wconf 78' lang='lat' dir='ltr'><strong>vulgato</strong></span> <span class='ocrx_word' id='word_1_235' title='bbox 847 2577 947 2614; x_wconf 87' lang='lat' dir='ltr'><strong>rumore</strong></span> <span class='ocrx_word' id='word_1_236' title='bbox 960 2569 989 2616; x_wconf 90' lang='lat' dir='ltr'><strong>ut</strong></span> <span class='ocrx_word' id='word_1_237' title='bbox 1002 2568 1077 2621; x_wconf 87' lang='lat' dir='ltr'><strong>mtre-</strong></span> 
     </span>
    </p>
   </div>
   <div class='ocr_carea' id='block_1_4' title="bbox 131 2619 1179 2700">
    <p class='ocr_par' dir='ltr' id='par_1_9' title="bbox 131 2619 1179 2700">
     <span class='ocr_line' id='line_1_29' title="bbox 131 2619 1179 2700; baseline 0.01 -30"><span class='ocrx_word' id='word_1_238' title='bbox 131 2619 220 2670; x_wconf 77' lang='lat' dir='ltr'><strong>cultam</strong></span> <span class='ocrx_word' id='word_1_239' title='bbox 237 2621 448 2685; x_wconf 80' lang='lat' dir='ltr'><strong>praevehebaninr.</strong></span> <span class='ocrx_word' id='word_1_240' title='bbox 466 2636 524 2672; x_wconf 86' lang='lat' dir='ltr'><strong>mox</strong></span> <span class='ocrx_word' id='word_1_241' title='bbox 538 2623 586 2672; x_wconf 88' lang='lat' dir='ltr'><strong>hac</strong></span> <span class='ocrx_word' id='word_1_242' title='bbox 606 2627 677 2698; x_wconf 82' lang='lat' dir='ltr'><strong>atque</strong></span> <span class='ocrx_word' id='word_1_243' title='bbox 698 2623 739 2673; x_wconf 87' lang='lat' dir='ltr'><strong>illa</strong></span> <span class='ocrx_word' id='word_1_244' title='bbox 757 2624 823 2686; x_wconf 89' lang='lat' dir='ltr'><strong>rapti</strong></span> <span class='ocrx_word' id='word_1_245' title='bbox 840 2629 865 2674; x_wconf 89' lang='lat' dir='ltr'><strong>et</strong></span> <span class='ocrx_word' id='word_1_246' title='bbox 881 2639 937 2676; x_wconf 89' lang='lat' dir='ltr'><strong>cam</strong></span> <span class='ocrx_word' id='word_1_247' title='bbox 954 2629 1075 2700; x_wconf 78' lang='lat' dir='ltr'><strong>plerisque</strong></span> <span class='ocrx_word' id='word_1_248' title='bbox 1176 2639 1179 2650; x_wconf 89' lang='grc'><em>·</em></span> 
     </span>
    </p>
   </div>
   <div class='ocr_carea' id='block_1_5' title="bbox 130 2681 1077 3002">
    <p class='ocr_par' dir='ltr' id='par_1_10' title="bbox 130 2681 1077 3002">
     <span class='ocr_line' id='line_1_30' title="bbox 131 2681 1075 2754; baseline 0.007 -19"><span class='ocrx_word' id='word_1_249' title='bbox 131 2681 307 2735; x_wconf 83' lang='lat' dir='ltr'><strong>Britannorum</strong></span> <span class='ocrx_word' id='word_1_250' title='bbox 320 2696 365 2732; x_wconf 88' lang='lat' dir='ltr'><strong>sua</strong></span> <span class='ocrx_word' id='word_1_251' title='bbox 379 2683 557 2734; x_wconf 78' lang='lat' dir='ltr'><strong>defensantium</strong></span> <span class='ocrx_word' id='word_1_252' title='bbox 575 2686 661 2750; x_wconf 78' lang='lat' dir='ltr'><strong>praelio</strong></span> <span class='ocrx_word' id='word_1_253' title='bbox 679 2686 817 2750; x_wconf 78' lang='lat' dir='ltr'><strong>congressi,</strong></span> <span class='ocrx_word' id='word_1_254' title='bbox 832 2700 860 2738; x_wconf 91' lang='lat' dir='ltr'><strong>ac</strong></span> <span class='ocrx_word' id='word_1_255' title='bbox 879 2701 943 2751; x_wconf 77' lang='lat' dir='ltr'><strong>sepe</strong></span> <span class='ocrx_word' id='word_1_256' title='bbox 957 2689 1075 2754; x_wconf 82' lang='lat' dir='ltr'><strong>victores,</strong></span> 
     </span>
     <span class='ocr_line' id='line_1_31' title="bbox 130 2744 1077 2812; baseline 0.01 -16"><span class='ocrx_word' id='word_1_257' title='bbox 130 2745 265 2806; x_wconf 85' lang='lat' dir='ltr'><strong>aliquando</strong></span> <span class='ocrx_word' id='word_1_258' title='bbox 283 2744 362 2810; x_wconf 88' lang='lat' dir='ltr'><strong>pulsi,</strong></span> <span class='ocrx_word' id='word_1_259' title='bbox 380 2759 409 2795; x_wconf 91' lang='lat' dir='ltr'><strong>eo</strong></span> <span class='ocrx_word' id='word_1_260' title='bbox 425 2747 455 2796; x_wconf 89' lang='lat' dir='ltr'><strong>ad</strong></span> <span class='ocrx_word' id='word_1_261' title='bbox 473 2749 609 2795; x_wconf 78' lang='lat' dir='ltr'><strong>extremum</strong></span> <span class='ocrx_word' id='word_1_262' title='bbox 627 2746 717 2809; x_wconf 82' lang='lat' dir='ltr'><strong>inopiae</strong></span> <span class='ocrx_word' id='word_1_263' title='bbox 734 2760 835 2812; x_wconf 85' lang='lat' dir='ltr'><strong>venere,</strong></span> <span class='ocrx_word' id='word_1_264' title='bbox 853 2754 882 2798; x_wconf 91' lang='lat' dir='ltr'><strong>ut</strong></span> <span class='ocrx_word' id='word_1_265' title='bbox 898 2750 1077 2804; x_wconf 86' lang='lat' dir='ltr'><strong>infirmissimos</strong></span> 
     </span>
     <span class='ocr_line' id='line_1_32' title="bbox 130 2807 1077 2871; baseline 0.011 -15"><span class='ocrx_word' id='word_1_266' title='bbox 130 2821 249 2870; x_wconf 85' lang='lat' dir='ltr'><strong>auorum,</strong></span> <span class='ocrx_word' id='word_1_267' title='bbox 266 2819 321 2855; x_wconf 86' lang='lat' dir='ltr'><strong>mox</strong></span> <span class='ocrx_word' id='word_1_268' title='bbox 337 2811 401 2856; x_wconf 90' lang='lat' dir='ltr'><strong>sorte</strong></span> <span class='ocrx_word' id='word_1_269' title='bbox 419 2807 505 2857; x_wconf 89' lang='lat' dir='ltr'><strong>ductos</strong></span> <span class='ocrx_word' id='word_1_270' title='bbox 523 2811 688 2858; x_wconf 83' lang='lat' dir='ltr'><strong>vescerentur.</strong></span> <span class='ocrx_word' id='word_1_271' title='bbox 710 2813 781 2871; x_wconf 83' lang='lat' dir='ltr'><strong>atque</strong></span> <span class='ocrx_word' id='word_1_272' title='bbox 800 2811 957 2862; x_wconf 85' lang='lat' dir='ltr'><strong>circumvecti</strong></span> <span class='ocrx_word' id='word_1_273' title='bbox 977 2815 1077 2866; x_wconf 90' lang='lat' dir='ltr'><strong>Britan·</strong></span> 
     </span>
     <span class='ocr_line' id='line_1_33' title="bbox 131 2867 1075 2943; baseline 0.01 -25"><span class='ocrx_word' id='word_1_274' title='bbox 131 2869 209 2932; x_wconf 87' lang='lat' dir='ltr'><strong>niem,</strong></span> <span class='ocrx_word' id='word_1_275' title='bbox 223 2867 315 2918; x_wconf 89' lang='lat' dir='ltr'><strong>amissis</strong></span> <span class='ocrx_word' id='word_1_276' title='bbox 327 2881 372 2938; x_wconf 87' lang='lat' dir='ltr'><strong>per</strong></span> <span class='ocrx_word' id='word_1_277' title='bbox 384 2868 506 2918; x_wconf 87' lang='lat' dir='ltr'><strong>inscitiam</strong></span> <span class='ocrx_word' id='word_1_278' title='bbox 520 2870 621 2942; x_wconf 72' lang='lat' dir='ltr'><strong>regendi</strong></span> <span class='ocrx_word' id='word_1_279' title='bbox 635 2869 746 2936; x_wconf 87' lang='lat' dir='ltr'><strong>navibus,</strong></span> <span class='ocrx_word' id='word_1_280' title='bbox 760 2885 804 2935; x_wconf 89' lang='lat' dir='ltr'><strong>pro</strong></span> <span class='ocrx_word' id='word_1_281' title='bbox 818 2875 974 2935; x_wconf 86' lang='lat' dir='ltr'><strong>praedonibus</strong></span> <span class='ocrx_word' id='word_1_282' title='bbox 987 2878 1075 2943; x_wconf 84' lang='lat' dir='ltr'><strong>habiti,</strong></span> 
     </span>
     <span class='ocr_line' id='line_1_34' title="bbox 130 2930 1076 3002; baseline 0.013 -24"><span class='ocrx_word' id='word_1_283' title='bbox 130 2930 269 2993; x_wconf 81' lang='lat' dir='ltr'><strong>primumn</strong></span> <span class='ocrx_word' id='word_1_284' title='bbox 285 2931 382 2993; x_wconf 80' lang='lat' dir='ltr'><strong>Suavis,</strong></span> <span class='ocrx_word' id='word_1_285' title='bbox 397 2943 454 2979; x_wconf 88' lang='lat' dir='ltr'><strong>mor</strong></span> <span class='ocrx_word' id='word_1_286' title='bbox 468 2945 482 2980; x_wconf 92' lang='lat' dir='ltr'><strong>a</strong></span> <span class='ocrx_word' id='word_1_287' title='bbox 497 2931 581 2980; x_wconf 80' lang='lat' dir='ltr'><strong>Frisiis</strong></span> <span class='ocrx_word' id='word_1_288' title='bbox 597 2931 723 2996; x_wconf 88' lang='lat' dir='ltr'><strong>intercepti</strong></span> <span class='ocrx_word' id='word_1_289' title='bbox 741 2936 807 2982; x_wconf 87' lang='lat' dir='ltr'><strong>sunt.</strong></span> <span class='ocrx_word' id='word_1_290' title='bbox 825 2948 854 2983; x_wconf 90' lang='lat' dir='ltr'><strong>ac</strong></span> <span class='ocrx_word' id='word_1_291' title='bbox 872 2936 941 2984; x_wconf 80' lang='lat' dir='ltr'><strong>suere</strong></span> <span class='ocrx_word' id='word_1_292' title='bbox 957 2951 1017 2998; x_wconf 86' lang='lat' dir='ltr'><strong>quos</strong></span> <span class='ocrx_word' id='word_1_293' title='bbox 1031 2954 1076 3002; x_wconf 90' lang='lat' dir='ltr'><strong>per</strong></span> 
     </span>
    </p>
   </div>
   <div class='ocr_carea' id='block_1_6' title="bbox 13 2989 1076 3058">
    <p class='ocr_par' dir='ltr' id='par_1_11' title="bbox 13 2989 1076 3058">
     <span class='ocr_line' id='line_1_35' title="bbox 13 2989 1076 3058; baseline 0.011 -19"><span class='ocrx_word' id='word_1_294' title='bbox 13 2989 21 3015; x_wconf 77' lang='lat'>⁸</span> <span class='ocrx_word' id='word_1_295' title='bbox 129 2992 279 3041; x_wconf 85' lang='lat' dir='ltr'><strong>commercia</strong></span> <span class='ocrx_word' id='word_1_296' title='bbox 290 2993 457 3056; x_wconf 82' lang='lat' dir='ltr'><strong>venumdatos,</strong></span> <span class='ocrx_word' id='word_1_297' title='bbox 469 2998 492 3042; x_wconf 89' lang='lat' dir='ltr'><strong>et</strong></span> <span class='ocrx_word' id='word_1_298' title='bbox 502 2993 529 3042; x_wconf 84' lang='lat' dir='ltr'><strong>iu</strong></span> <span class='ocrx_word' id='word_1_299' title='bbox 540 2996 648 3044; x_wconf 88' lang='lat' dir='ltr'><strong>nostram</strong></span> <span class='ocrx_word' id='word_1_300' title='bbox 662 3009 739 3058; x_wconf 84' lang='lat' dir='ltr'><strong>usque</strong></span> <span class='ocrx_word' id='word_1_301' title='bbox 751 2993 830 3056; x_wconf 88' lang='lat' dir='ltr'><strong>ripam</strong></span> <span class='ocrx_word' id='word_1_302' title='bbox 844 2997 981 3047; x_wconf 86' lang='lat' dir='ltr'><strong>mutatione</strong></span> <span class='ocrx_word' id='word_1_303' title='bbox 993 3015 1076 3050; x_wconf 86' lang='lat' dir='ltr'><strong>emen·</strong></span> 
     </span>
    </p>
   </div>
   <div class='ocr_carea' id='block_1_7' title="bbox 102 3053 1076 3618">
    <p class='ocr_par' dir='ltr' id='par_1_12' title="bbox 102 3053 1076 3618">
     <span class='ocr_line' id='line_1_36' title="bbox 131 3053 1076 3126; baseline 0.008 -23"><span class='ocrx_word' id='word_1_304' title='bbox 131 3054 193 3103; x_wconf 89' lang='lat' dir='ltr'><strong>tium</strong></span> <span class='ocrx_word' id='word_1_305' title='bbox 208 3053 337 3118; x_wconf 88' lang='lat' dir='ltr'><strong>adductos,</strong></span> <span class='ocrx_word' id='word_1_306' title='bbox 352 3054 470 3102; x_wconf 87' lang='lat' dir='ltr'><strong>indicium</strong></span> <span class='ocrx_word' id='word_1_307' title='bbox 487 3056 550 3104; x_wconf 87' lang='lat' dir='ltr'><strong>tanti</strong></span> <span class='ocrx_word' id='word_1_308' title='bbox 565 3069 635 3106; x_wconf 89' lang='lat' dir='ltr'><strong>casus</strong></span> <span class='ocrx_word' id='word_1_309' title='bbox 652 3056 790 3106; x_wconf 85' lang='lat' dir='ltr'><strong>illustrarit.</strong></span> <span class='ocrx_word' id='word_1_310' title='bbox 811 3057 882 3105; x_wconf 91' lang='lat' dir='ltr'><strong>lnitio</strong></span> <span class='ocrx_word' id='word_1_311' title='bbox 898 3059 986 3108; x_wconf 76' lang='lat' dir='ltr'><strong>estatis</strong></span> <span class='ocrx_word' id='word_1_312' title='bbox 1005 3063 1076 3126; x_wconf 80' lang='lat' dir='ltr'><strong>Agri-</strong></span> 
     </span>
     <span class='ocr_line' id='line_1_37' title="bbox 129 3115 1074 3185; baseline 0.007 -19"><span class='ocrx_word' id='word_1_313' title='bbox 129 3117 194 3180; x_wconf 86' lang='lat' dir='ltr'><strong>cola,</strong></span> <span class='ocrx_word' id='word_1_314' title='bbox 209 3115 341 3166; x_wconf 86' lang='lat' dir='ltr'><strong>domestico</strong></span> <span class='ocrx_word' id='word_1_315' title='bbox 354 3118 455 3165; x_wconf 76' lang='lat' dir='ltr'><strong>vulnere</strong></span> <span class='ocrx_word' id='word_1_316' title='bbox 469 3116 541 3181; x_wconf 87' lang='lat' dir='ltr'><strong>ictus,</strong></span> <span class='ocrx_word' id='word_1_317' title='bbox 553 3132 617 3167; x_wconf 89' lang='lat' dir='ltr'><strong>enno</strong></span> <span class='ocrx_word' id='word_1_318' title='bbox 632 3120 689 3167; x_wconf 89' lang='lat' dir='ltr'><strong>ente</strong></span> <span class='ocrx_word' id='word_1_319' title='bbox 702 3121 788 3168; x_wconf 85' lang='lat' dir='ltr'><strong>natum</strong></span> <span class='ocrx_word' id='word_1_320' title='bbox 804 3118 882 3167; x_wconf 85' lang='lat' dir='ltr'><strong>tilium</strong></span> <span class='ocrx_word' id='word_1_321' title='bbox 896 3120 986 3170; x_wconf 86' lang='lat' dir='ltr'><strong>amisit.</strong></span> <span class='ocrx_word' id='word_1_322' title='bbox 1001 3138 1074 3185; x_wconf 87' lang='lat' dir='ltr'><strong>quem</strong></span> 
     </span>
     <span class='ocr_line' id='line_1_38' title="bbox 128 3178 1075 3300; baseline 0.007 -9"><span class='ocrx_word' id='word_1_323' title='bbox 128 3191 215 3291; x_wconf 65' lang='lat' dir='ltr'><strong>tili</strong></span> <span class='ocrx_word' id='word_1_324' title='bbox 226 3178 728 3292; x_wconf 50' lang='lat' dir='ltr'><strong>ituitllliftt‘lllutllllu</strong></span> <span class='ocrx_word' id='word_1_325' title='bbox 740 3178 1075 3300; x_wconf 61' lang='lat' dir='ltr'><strong>”dilucidatae</strong></span> 
     </span>
     <span class='ocr_line' id='line_1_39' title="bbox 128 3303 1075 3432; baseline 0.007 -18"><span class='ocrx_word' id='word_1_326' title='bbox 128 3303 345 3428; x_wconf 49' lang='lat' dir='ltr'><strong>refflffitim</strong></span> <span class='ocrx_word' id='word_1_327' title='bbox 361 3361 488 3425; x_wconf 84' lang='lat' dir='ltr'><strong>praemissa</strong></span> <span class='ocrx_word' id='word_1_328' title='bbox 505 3363 595 3428; x_wconf 86' lang='lat' dir='ltr'><strong>classe,</strong></span> <span class='ocrx_word' id='word_1_329' title='bbox 612 3375 667 3426; x_wconf 77' lang='lat' dir='ltr'><strong>qrrae</strong></span> <span class='ocrx_word' id='word_1_330' title='bbox 686 3365 801 3428; x_wconf 86' lang='lat' dir='ltr'><strong>pluribus</strong></span> <span class='ocrx_word' id='word_1_331' title='bbox 819 3365 879 3416; x_wconf 86' lang='lat' dir='ltr'><strong>locis</strong></span> <span class='ocrx_word' id='word_1_332' title='bbox 895 3369 1005 3432; x_wconf 82' lang='lat' dir='ltr'><strong>praedata</strong></span> <span class='ocrx_word' id='word_1_333' title='bbox 1023 3384 1075 3422; x_wconf 88' lang='lat' dir='ltr'><strong>ma-</strong></span> 
     </span>
     <span class='ocr_line' id='line_1_40' title="bbox 129 3425 1075 3495; baseline 0.01 -21"><span class='ocrx_word' id='word_1_334' title='bbox 129 3429 208 3486; x_wconf 63' lang='lat' dir='ltr'><strong>gnum</strong></span> <span class='ocrx_word' id='word_1_335' title='bbox 224 3429 250 3475; x_wconf 90' lang='lat' dir='ltr'><strong>et</strong></span> <span class='ocrx_word' id='word_1_336' title='bbox 267 3425 388 3474; x_wconf 87' lang='lat' dir='ltr'><strong>incertum</strong></span> <span class='ocrx_word' id='word_1_337' title='bbox 404 3429 524 3476; x_wconf 83' lang='lat' dir='ltr'><strong>terrorem</strong></span> <span class='ocrx_word' id='word_1_338' title='bbox 538 3427 644 3488; x_wconf 82' lang='lat' dir='ltr'><strong>iaceret,</strong></span> <span class='ocrx_word' id='word_1_339' title='bbox 660 3428 771 3490; x_wconf 85' lang='lat' dir='ltr'><strong>expedito</strong></span> <span class='ocrx_word' id='word_1_340' title='bbox 787 3429 911 3495; x_wconf 85' lang='lat' dir='ltr'><strong>exercitu,</strong></span> <span class='ocrx_word' id='word_1_341' title='bbox 923 3431 964 3480; x_wconf 86' lang='lat' dir='ltr'><strong>eui</strong></span> <span class='ocrx_word' id='word_1_342' title='bbox 978 3446 1005 3481; x_wconf 83' lang='lat' dir='ltr'><strong>er</strong></span> <span class='ocrx_word' id='word_1_343' title='bbox 1020 3434 1075 3483; x_wconf 88' lang='lat' dir='ltr'><strong>Bri-</strong></span> 
     </span>
     <span class='ocr_line' id='line_1_41' title="bbox 102 3487 1073 3550; baseline 0.007 -14"><span class='ocrx_word' id='word_1_344' title='bbox 102 3493 105 3497; x_wconf 86' lang='lat'>&#39;</span> <span class='ocrx_word' id='word_1_345' title='bbox 129 3488 210 3538; x_wconf 85' lang='lat' dir='ltr'><strong>tannia</strong></span> <span class='ocrx_word' id='word_1_346' title='bbox 228 3487 372 3537; x_wconf 75' lang='lat' dir='ltr'><strong>tortissimos</strong></span> <span class='ocrx_word' id='word_1_347' title='bbox 389 3491 414 3537; x_wconf 90' lang='lat' dir='ltr'><strong>et</strong></span> <span class='ocrx_word' id='word_1_348' title='bbox 429 3489 504 3550; x_wconf 81' lang='lat' dir='ltr'><strong>longe</strong></span> <span class='ocrx_word' id='word_1_349' title='bbox 520 3502 580 3548; x_wconf 89' lang='lat' dir='ltr'><strong>pace</strong></span> <span class='ocrx_word' id='word_1_350' title='bbox 598 3490 733 3548; x_wconf 87' lang='lat' dir='ltr'><strong>exploratos</strong></span> <span class='ocrx_word' id='word_1_351' title='bbox 751 3491 878 3540; x_wconf 88' lang='lat' dir='ltr'><strong>addiderat</strong></span> <span class='ocrx_word' id='word_1_352' title='bbox 912 3493 943 3541; x_wconf 92' lang='lat' dir='ltr'><strong>ad</strong></span> <span class='ocrx_word' id='word_1_353' title='bbox 964 3499 1073 3544; x_wconf 90' lang='lat' dir='ltr'><strong>montem</strong></span> 
     </span>
     <span class='ocr_line' id='line_1_42' title="bbox 129 3531 1072 3618; baseline 0.008 -20"><span class='ocrx_word' id='word_1_354' title='bbox 129 3549 408 3616; x_wconf 75' lang='lat' dir='ltr'><strong>Grampium‘pervenit,</strong></span> <span class='ocrx_word' id='word_1_355' title='bbox 421 3562 496 3612; x_wconf 85' lang='lat' dir='ltr'><strong>quem</strong></span> <span class='ocrx_word' id='word_1_356' title='bbox 508 3546 560 3609; x_wconf 86' lang='lat' dir='ltr'><strong>jam</strong></span> <span class='ocrx_word' id='word_1_357' title='bbox 571 3549 646 3598; x_wconf 86' lang='lat' dir='ltr'><strong>hostis</strong></span> <span class='ocrx_word' id='word_1_358' title='bbox 659 3550 792 3601; x_wconf 87' lang='lat' dir='ltr'><strong>insederat.</strong></span> <span class='ocrx_word' id='word_1_359' title='bbox 804 3567 863 3601; x_wconf 85' lang='lat' dir='ltr'><strong>narn</strong></span> <span class='ocrx_word' id='word_1_360' title='bbox 878 3531 998 3618; x_wconf 60' lang='lat' dir='ltr'><strong>daunai,</strong></span> <span class='ocrx_word' id='word_1_361' title='bbox 1010 3556 1072 3606; x_wconf 88' lang='lat' dir='ltr'><strong>nihil</strong></span> 
     </span>
    </p>
   </div>
   <div class='ocr_carea' id='block_1_8' title="bbox 130 3610 1072 3682">
    <p class='ocr_par' dir='ltr' id='par_1_13' title="bbox 130 3610 1072 3682">
     <span class='ocr_line' id='line_1_43' title="bbox 130 3610 1072 3682; baseline 0.008 -23"><span class='ocrx_word' id='word_1_362' title='bbox 130 3610 201 3668; x_wconf 82' lang='lat' dir='ltr'><strong>fracti</strong></span> <span class='ocrx_word' id='word_1_363' title='bbox 214 3611 405 3676; x_wconf 63' lang='lat' dir='ltr'><strong>promptioris</strong></span> <span class='ocrx_word' id='word_1_364' title='bbox 418 3614 518 3674; x_wconf 76' lang='lat' dir='ltr'><strong>aventu,</strong></span> <span class='ocrx_word' id='word_1_365' title='bbox 531 3616 555 3663; x_wconf 84' lang='lat' dir='ltr'><strong>et</strong></span> <span class='ocrx_word' id='word_1_366' title='bbox 568 3611 688 3667; x_wconf 83' lang='lat' dir='ltr'><strong>ultionem</strong></span> <span class='ocrx_word' id='word_1_367' title='bbox 701 3616 746 3664; x_wconf 84' lang='lat' dir='ltr'><strong>ent</strong></span> <span class='ocrx_word' id='word_1_368' title='bbox 758 3613 888 3666; x_wconf 80' lang='lat' dir='ltr'><strong>servitium</strong></span> <span class='ocrx_word' id='word_1_369' title='bbox 899 3619 1072 3682; x_wconf 70' lang='lat' dir='ltr'><strong>errpeonntm,</strong></span> 
     </span>
    </p>
   </div>
   <div class='ocr_carea' id='block_1_9' title="bbox 0 0 1266 4088">
    <p class='ocr_par' dir='ltr' id='par_1_14' title="bbox 0 0 1266 4088">
     <span class='ocr_line' id='line_1_44' title="bbox 0 0 1266 4088; baseline 0 2"><span class='ocrx_word' id='word_1_370' title='bbox 0 0 1266 4088; x_wconf 95' lang='lat' dir='ltr'><strong> </strong></span> 
     </span>
    </p>
   </div>
  </div>
 </body>
</html>
